5067 6898
111 123 141 37 Dedreigd,
269 123 64 30 daar
351 123 48 30 ook
418 124 30 30 de
465 126 70 28 staat
550 126 78 41 groot
646 123 94 38 belang
757 125 72 30 heelt
847 125 34 37 bij
900 125 46 30 het
961 125 99 37 richtig

113 158 98 25 beheer
229 167 51 15 van
296 159 31 22 du
346 158 126 32 goederen
490 159 45 25 d«jr
554 155 149 31 hervormde
720 162 63 22 kerk
801 162 27 22 in
842 161 152 26 Nederland.

320 196 111 20 waarom
450 191 46 26 het
521 191 156 33 provinciaal
694 191 111 35 kollegie
829 200 51 20 van
896 193 112 28 toezicht
1032 193 27 28 in

111 221 202 26 Noordholland
339 222 131 28 et*Medie
496 226 131 27 verzoekt,
654 227 46 24 dat
724 226 46 24 het
796 233 70 18 uwer
891 227 169 32 vergadering

111 260 77 25 moge
206 253 128 33 behagen,
359 254 137 27 uithoofde
514 263 50 18 van
581 256 46 26 het
644 256 63 27 door
724 256 31 26 de
776 256 105 27 Tweede
905 259 93 27 Kamer
1015 260 46 26 der

113 286 241 27 Staten-Generaal
380 296 176 25 aangenomen
581 291 181 25 amendement
785 289 203 34 bovenbedoeld,
1015 293 45 26 het

111 318 50 27 7de
180 318 142 28 hoofdst_fc
340 321 19 26 C
377 321 46 25 der
441 321 155 33 begrooting
612 330 51 17 van
679 322 217 34 staats-uitgaven
913 332 61 19 voor
998 328 61 25 1870

112 351 30 26 te
158 353 177 34 verw'M-pen."

149 422 56 27 Het
223 423 83 26 eerste
322 429 117 21 nummer
458 423 74 26 dezes
548 422 72 37 jaars
638 430 50 21 van
705 425 32 26 de
755 424 139 34 Opmerker
911 425 78 28 bevat
1009 433 48 20 een

116 462 60 20 Zeer
195 456 222 32 belangwekkend
433 457 96 25 artikel
548 451 61 32 óver
626 457 45 26 het
690 459 177 32 Oxyhgdrisch
881 462 69 30 licht,
964 462 40 25 uit
1012 462 46 25 liet

116 488 109 26 fransch
242 489 126 25 vertaald.
404 489 40 26 Na
459 497 60 18 eene
536 490 188 34 Uiteenzetting
743 497 48 19 van
809 488 31 30 de
859 493 136 33 gebreken,
1017 493 40 26 die

118 521 48 26 het
183 521 67 26 licht
269 521 39 26 uit
327 521 123 34 kolengas
469 521 74 32 bezit,
561 524 89 26 vooral
666 524 90 26 daarin
774 524 154 32 bestaande,
950 527 46 26 dat
1012 526 47 25 het

119 553 33 26 de
170 554 122 25 zuurstof
306 562 50 18 aan
372 554 50 25 den
438 555 155 34 dampkring
607 559 139 27 ontneemt,
767 557 30 25 de
814 559 132 26 meubelen
956 557 103 27 bederft

118 594 34 17 en
170 586 57 26 niet
243 586 90 26 helder
352 587 45 25 wit
405 587 30 32 is,
448 588 102 26 worden
559 589 30 26 de
599 591 129 33 pogingen
737 589 144 28 behandeld
889 600 41 18 om
944 592 60 25 deze
1013 598 31 24 ge-

122 619 98 26 breken
237 619 40 26 uit
294 619 50 25 den
372 627 56 26 weg
444 622 26 24 te
489 622 98 26 ruimen
604 624 28 25 of
647 632 41 17 om
706 622 94 26 andere
819 632 31 18 en
874 624 87 27 betere
979 620 65 28 licht-

118 651 119 26 bronnen
248 652 26 25 te
285 651 141 30 vinden,als
443 652 138 30 elektrisch
599 664 30 18 en
639 657 224 32 magnesiumlicht
874 665 31 18 en
914 656 89 26 vooral
1012 656 46 24 het

112 685 221 26 drummondsche
350 687 26 24 ot
394 690 172 32 oxyhydrisch
585 692 69 24 licht.
671 689 53 26 Het
733 690 102 30 laatste,
846 690 45 26 dat
900 690 31 24 de
941 686 118 27 zuurstof

115 716 57 26 niet
196 724 51 18 aan
270 716 31 26 de
321 716 73 30 lucht
411 723 149 30 ontneemt,
586 730 72 19 maar
683 723 40 26 uit
741 722 93 27 andere
855 722 96 26 stoffen
967 718 90 31 trekt,

115 756 56 19 was
194 749 41 26 tot
252 749 120 30 dusverre
391 755 53 25 niet
463 762 60 19 voor
543 755 135 34 algemeen
694 755 110 33 gebruik
822 755 128 33 geschikt,
971 751 89 25 omdat

117 781 33 25 de
177 781 137 37 bereiding
340 794 51 19 van
405 788 119 26 zuurstof
537 788 26 26 te
581 788 66 26 duur
666 796 58 18 was.
751 788 53 25 Het
821 787 84 33 opstel
922 783 137 32 bespreekt

119 814 33 26 de
177 816 184 27 verschillende
385 821 222 32 onderzoekingen
625 828 40 18 om
683 821 39 25 dit
737 821 118 25 bezwaar
874 827 32 24 op
922 819 26 22 te
967 813 90 33 lossen,

113 853 44 20 om
175 848 43 26 ten
235 849 78 26 slotte
331 853 40 24 tot
389 852 30 26 de
437 853 107 37 vinding
561 854 26 24 te
605 853 92 25 komen
715 860 50 18 van
783 852 50 25 den
850 852 63 22 heer
930 848 86 25 Tessié
1024 847 34 26 du

112 879 103 37 Motay,
231 881 48 31 die,
299 883 142 33 bijgestaan
458 886 64 26 door
529 886 51 26 den
587 885 161 28 industrieel,
758 882 139 30 Maréchal,
907 882 46 25 het
964 889 77 22 vraag-

115 914 61 25 stuk
193 924 41 18 om
252 918 132 33 goedkoop
400 919 117 25 zuurstof
531 919 26 25 te
568 919 103 24 leveren
680 919 97 30 schijnt
783 918 27 22 te
821 915 103 25 hebben
933 914 124 33 opgelost.

145 946 53 27 Het
216 950 93 26 middel
327 959 48 17 van
393 951 50 26 den
461 951 61 26 heer
539 950 89 27 Tessie
645 951 73 24 komt
726 944 27 31 in
763 948 73 25 korte
847 947 109 25 trekken
966 945 90 34 hierop

115 981 92 30 neder,
231 983 45 25 dat
294 984 34 31 hij
347 984 110 32 gebruik
474 984 89 25 maakt
580 990 50 18 van
646 983 32 24 de
696 981 155 32 eigenschap
868 989 50 15 van
938 979 30 25 de
986 987 54 17 man-

111 1018 130 26 gaanzure
257 1016 63 25 soda
337 1023 43 19 om
387 1016 63 26 door
459 1016 31 26 de
506 1015 146 33 inwerking
659 1022 50 19 van
726 1022 46 18 een
789 1013 97 25 strooai
895 1012 163 32 waterdamp,

115 1048 148 26 oververhit
279 1049 41 25 tot
339 1039 30 34 de
386 1049 178 32 temperatuur
581 1055 50 17 van
648 1049 56 28 400,
720 1045 119 26 zuurstof
853 1046 38 25 los
904 1046 26 24 te
947 1045 112 25 latenen

112 1076 97 28 daarna
227 1081 39 25 uit
275 1082 31 24 de
315 1082 43 24 tot
450 1080 174 26 overwarnnle
639 1080 73 26 lucht
720 1080 31 24 de
762 1078 118 26 zuurstof
888 1077 126 27 wederom
1026 1085 32 24 op

113 1110 26 25 te
158 1120 92 19 nemen
267 1121 32 18 en
315 1113 85 25 weder
419 1120 189 26 mangaanzure
627 1111 60 25 soda
699 1113 26 25 te
737 1111 110 26 worden.
873 1111 39 26 De
920 1110 138 26 toestellen

112 1142 103 27 hebben
235 1144 26 25 in
281 1147 61 26 1867
359 1146 26 24 te
404 1144 69 26 Metz
491 1153 32 18 en
542 1146 26 25 te
587 1144 83 33 Parijs
685 1144 28 26 in
731 1144 46 26 het
794 1144 131 39 openbaar
943 1142 117 31 gewerkt

112 1185 33 18 en
170 1178 26 25 in
222 1178 46 25 het
292 1186 87 24 vorige
393 1179 59 31 jaar
470 1178 100 26 hebben
587 1186 78 18 zeven
680 1179 92 31 groote
784 1169 117 33 reWten
911 1174 149 33 gedurende

112 1208 128 26 Februari
257 1209 45 25 het
320 1204 148 39 plein'voor
484 1211 45 26 het
547 1211 72 27 hotel
635 1211 33 26 du
693 1211 64 25 ville
775 1209 119 25 verlicht.
912 1208 37 25 Er
956 1206 104 26 bestaat

111 1240 79 27 thans
207 1241 50 26 ook
275 1251 45 18 een
339 1243 99 27 fabriek
457 1251 63 19 voor
535 1244 30 26 de
582 1244 136 32 bereiding
733 1251 51 17 van
801 1241 40 25 dit
859 1248 46 24 gas
914 1241 26 22 te
951 1238 106 26 Pantin.

111 1272 115 35 Volgens
253 1274 31 26 de
308 1274 158 35 berekening
491 1277 45 25 der
561 1276 144 26 uitvinders
731 1274 51 32 zijn
801 1277 48 22 300
866 1274 99 22 tonnen
981 1278 57 19 man-

110 1313 128 26 gaanzure
266 1309 61 27 soda
357 1310 139 26 voldoende
515 1317 63 18 voor
594 1317 59 18 eene
669 1300 169 41 jaarlijks—ie
855 1304 204 33 voortbrenging

110 1346 50 19 van
183 1344 30 24 10
230 1343 115 26 millioen
363 1342 111 26 kubieke
490 1342 83 26 meter
595 1349 45 20 gas

144 1372 63 28 Wat
224 1375 31 26 de
272 1375 91 26 kosten
373 1375 106 32 betreft,
490 1375 30 26 de
531 1374 112 27 brander
653 1380 63 19 voor
724 1369 174 35 oxyhydrisch
914 1369 65 26 licht
999 1369 59 26 kost

111 1414 64 20 voor
203 1408 31 26 de
250 1408 59 26 stad
327 1408 67 25 ruim
411 1411 17 22 3
446 1408 131 27 centimes,
594 1414 64 18 voor
681 1401 188 40 partikuiieren
887 1406 14 25 7
920 1402 137 28 centimes,

112 1447 32 19 en
170 1441 69 25 staat
257 1440 27 26 in
301 1440 183 33 lichtgevende
511 1439 94 26 kracht
621 1437 79 33 gelijK
720 1437 53 24 met
791 1435 48 33 vijf
852 1434 194 34 papilton-hi-.in-

107 1472 60 26 ders
187 1481 61 18 voor
265 1473 211 37 steenko—ngas,
496 1473 39 24 die
555 1479 61 17 voor
634 1470 31 24 de
684 1469 59 25 stad
763 1472 41 24 10.
810 1495 11 4 _
842 1467 136 31 centimes,
997 1475 60 17 voor

109 1505 188 32 partikuiieren
314 1508 26 22 '21
364 1505 123 26 centimes
506 1504 97 25 kosten.

144 1537 52 25 »De
226 1538 161 28 ontdekking
411 1545 51 15 van
488 1534 30 27 de
542 1535 92 24 heeren
659 1532 85 27 Tessié
763 1533 33 25 du
815 1533 90 32 Motay
924 1541 31 17 en
972 1532 69 26 Mate-

110 1567 67 30 chal,
196 1573 59 27 zegt
274 1570 45 27 het
337 1569 107 27 artikel,
463 1567 93 32 schijnt
574 1576 46 17 ons
635 1567 44 24 toe
697 1574 125 25 geroepen
841 1566 25 26 te
885 1566 50 32 zijn
952 1565 40 26 tot
1011 1571 45 20 een

109 1600 129 26 schooiieu
265 1603 105 27 uitslag.
404 1600 70 24 .luist
501 1600 30 24 de
552 1598 210 34 langzaamheid,
789 1598 142 25 waarmede
951 1598 30 31 zij
999 1597 57 26 zich

109 1631 165 33 allengskens
292 1631 132 25 volmaakt
443 1630 77 33 heeft,
537 1631 21 26 is
576 1641 45 17 een
640 1631 136 33 waarborg
794 1630 25 27 te
830 1639 69 15 meer
918 1637 61 18 voor
993 1629 61 26 hare

109 1664 138 25 toekomst.
267 1664 93 25 Vooral
379 1663 39 27 uit
431 1663 44 28 het
493 1665 115 33 oogpunt
626 1672 48 17 van
692 1665 31 24 de
741 1663 227 34 gezondheidsleer
985 1662 70 26 heeft

110 1695 31 26 de
158 1696 99 26 nieuwe
276 1696 269 35 verlichtingsmanier
563 1697 170 27 onschatbare
751 1696 161 27 voordcelen.
931 1695 40 26 die
992 1695 63 26 haar

110 1727 71 27 hoo«r
206 1727 130 30 verheffen
361 1730 83 27 boven
470 1731 31 26 de
526 1731 158 30 verlichting
718 1731 52 22 met
803 1729 138 31 kolengas,
976 1727 63 26 bran-

109 1760 83 26 dende
210 1760 26 27 in
255 1762 30 26 de
294 1763 61 32 vrije
374 1765 80 25 lucht.
482 1765 70 25 Daar
569 1763 45 25 het
633 1761 187 33 oxyhydrisehe
833 1761 72 25 licht,
924 1760 78 32 gelijk
1012 1760 39 31 wij

106 1792 77 27 reeds
202 1795 96 34 gezegd
317 1796 109 28 hebben,
445 1796 48 32 zijn
514 1791 248 31 hoofdbestanddeel
788 1794 54 25 niet
868 1792 118 27 onttrekt
1005 1800 47 15 aan

105 1825 32 26 de
162 1828 165 34 omringende
348 1830 83 25 lucht,
450 1830 64 24 haar
531 1828 31 26 de
581 1827 118 25 zuurstof
715 1826 56 25 niet
788 1826 139 26 ontneemt,
946 1832 46 18 zoo
1009 1832 31 18 on-

107 1858 115 30 misbaar
239 1870 61 19 voor
319 1863 30 25 de
367 1861 174 31 ademhaling,
559 1860 103 26 bederft
679 1859 45 25 het
743 1859 60 25 niet.
822 1858 78 31 gelijk
912 1858 30 24 de
960 1857 77 30 tegen-

107 1893 129 31 woordige
256 1894 180 30 gasbranders,
454 1893 30 25 de
503 1894 73 22 lucht
594 1900 51 15 van
663 1891 31 25 de
722 1891 126 32 openbare
869 1890 72 24 zalen
960 1890 28 22 of
1004 1897 50 15 van

105 1923 32 28 de
156 1926 169 32 pnrtikulici'e
345 1925 161 25 vertrekken.
537 1924 38 25 De
594 1923 161 32 uitbreiding
771 1931 48 18 van
840 1922 30 26 de
887 1920 164 33 verlichting,

105 1958 79 25 thans
203 1958 110 32 beperkt
331 1959 40 22 tot
380 1957 31 27 de
429 1956 126 34 openbare
575 1956 175 31 instellingen,
764 1955 30 27 de
803 1955 168 32 magazijnen,
990 1961 46 26 gan-

104 1997 53 26 gen
175 1998 33 18 en
215 1991 118 33 trappen,
352 1991 38 25 zal
409 1988 144 34 onbepaald
569 1989 103 26 kunnen
687 1988 200 33 plaatshebben,
913 1988 45 25 ten
984 1987 51 25 min-

105 2024 39 24 ste
163 2023 27 25 in
208 2021 31 28 de
257 2024 97 25 steden.
386 2023 149 26 Bovendien
561 2023 39 25 zal
619 2022 31 25 de
667 2021 149 26 zuiverheid
833 2028 50 18 van
908 2020 45 26 het
972 2019 79 26 licht.

105 2056 65 31 rijne
190 2057 73 24 witte
291 2057 89 25 kleur,
398 2056 79 30 gelijk
494 2056 41 24 «Ue
554 2063 48 15 van
620 2055 46 24 het
684 2054 125 30 daglicht,
827 2053 46 25 het
891 2053 65 24 doen
972 2057 65 19 waar-

106 2087 96 27 deeren
220 2088 26 24 in
263 2087 50 26 den
331 2086 178 34 schouwburg,
529 2087 26 25 in
572 2087 50 25 alle
640 2085 206 33 vergaderzalen,
862 2085 27 25 in
907 2083 31 26 de
946 2082 107 26 winkels

106 2130 31 18 en
157 2120 169 33 magazijnen,
345 2130 33 24 op
396 2119 28 28 de
443 2121 90 30 groote
552 2119 116 34 partijen;
686 2112 31 33 de
735 2119 93 26 stoffen
846 2126 30 18 en
894 2118 30 25 de
939 2117 113 25 meubels

105 2153 86 25 zullen
203 2161 27 17 er
241 2154 86 24 hunne
345 2148 157 35 natuurlijk.-
520 2147 137 37 tinten'bij
676 2151 142 26 behouden.
835 2151 57 24 Met
909 2151 31 22 de
953 2150 98 24 nieuwe

106 2184 326 35 verbrandingstoestellen
452 2185 115 28 zalmen,
579 2178 230 38 naar'v.-rki.-zing.
817 2190 61 18 eene
888 2181 91 33 groote
997 2180 43 26 hel-

105 2218 109 26 derheid
231 2220 28 25 of
273 2219 146 32 verdeeling
437 2228 48 15 van
504 2219 45 24 het
567 2216 216 34 voortgebrachte
803 2216 65 26 licht
885 2216 103 25 kunnen
998 2223 41 17 ver-

110 2252 102 31 krijgen
222 2272 6 7 ,
255 2252 94 24 zonder
374 2246 35 30 «k^
424 2251 133 25 bezwaren
583 2258 50 18 van
659 2249 31 26 de
707 2249 107 26 warmte
827 2269 6 9 ,
857 2248 40 26 die
915 2248 31 25 de
964 2248 74 33 tegen-

106 2283 130 35 woordige
256 2284 123 25 branders
398 2283 116 33 afgeven.

268 2316 59 25 deze
346 2316 151 25 voordcelen
519 2314 113 33 gepaard
650 2322 67 24 gaan
735 2321 48 18 aan
801 2311 176 33 ongemakken
989 2331 5 8 ,
1011 2309 40 28 die

105 2355 59 18 men
183 2356 52 24 nog
253 2347 54 26 niet
325 2347 83 27 kent?
437 2348 51 32 Wij
509 2348 81 25 weten
608 2347 45 25 het
671 2347 53 24 niet
743 2353 31 18 en
793 2346 39 31 wij
852 2344 91 25 stellen
963 2352 45 17 ons
1025 2343 25 24 in

106 2380 46 26 het
163 2380 90 32 geheel
262 2380 54 26 niet
327 2380 65 35 borg
402 2388 63 18 voor
482 2382 52 24 wat
552 2379 97 26 slechts
665 2379 64 26 door
744 2378 32 26 de
794 2376 190 33 ondervinding
1000 2375 50 26 kan

105 2413 106 27 word.-n
237 2414 126 24 bewezen.
399 2414 74 24 Maar
500 2413 52 25 wat
576 2412 40 32 wij
645 2411 142 34 begeeren,
808 2411 37 26 is,
866 2409 44 24 dat
937 2418 56 14 men
1011 2411 40 21 tof

109 2456 61 15 eene
197 2446 112 31 ernstige
331 2445 177 39 proefneming
526 2452 109 24 overga,
657 2445 45 24 dat
722 2451 57 17 men
797 2443 48 24 den
862 2440 143 25 uitvinders
1022 2439 28 27 de

105 2478 130 26 middelen
255 2479 139 26 verschaf-
413 2478 45 26 het
477 2477 180 26 uitmuntende
679 2484 48 18 van
746 2477 85 25 hunne
850 2474 70 31 wijze
931 2483 47 15 van
991 2481 46 17 wer-

105 2511 52 26 ken
176 2516 31 21 de
226 2516 54 21 visn
299 2515 25 21 te
344 2510 128 35 betoogen
490 2520 31 15 en
540 2511 45 25 dat
604 2510 30 25 de
651 2509 177 32 hinderpalen,
841 2507 40 24 «lic
892 2506 30 31 zij
933 2515 61 14 voor
1004 2507 48 24 den

109 2544 94 31 aanleg
222 2552 47 17 van
289 2544 31 24 de
340 2551 61 18 voor
419 2543 86 26 hunne
524 2542 142 32 nijverheid
685 2539 202 33 onontbeerlijke
900 2538 139 26 kanalisatie-

107 2576 152 31 aantreffen,
275 2575 109 26 worden

139 2647 59 26 Men
226 2644 81 27 meldt
333 2653 46 18 ons
392 2666 4 6 .
423 2643 45 26 dat
495 2643 45 26 het
568 2642 71 32 getal
657 2641 254 34 processen-verbaal
927 2641 76 34 tegen
1022 2641 30 27 de

107 2678 416 37 Rijnspoorweg-maatschappij.
550 2678 40 24 ter
618 2675 60 24 zake
705 2683 47 15 van
780 2676 25 22 te
824 2675 54 24 laat
900 2675 103 24 vertrek
1022 2682 31 17 en

106 2712 137 26 aankomst
268 2712 46 25 der
333 2712 102 25 treinen
455 2711 27 25 il.
497 2702 111 41 Vrijdag
628 2707 71 26 reeds
718 2714 45 18 een
783 2706 70 32 cijfer
870 2714 50 18 van
940 2709 45 22 113
1002 2705 51 27 had

105 2745 118 26 bereikt.
242 2744 66 25 welk
333 2744 79 32 getal,
431 2751 64 18 naar
513 2751 57 18 men
588 2743 66 32 zegt,
673 2741 41 24 tot
735 2739 81 26 heden
835 2739 84 25 weder
938 2746 99 18 aanmer-

107 2777 79 32 kelijk
214 2777 21 25 is
260 2776 171 33 geklommen,
464 2777 70 24 (leen
552 2776 67 24 trein
638 2773 117 25 vertrekt
772 2772 28 25 of
816 2771 139 26 arriveert.
978 2771 28 26 of
1022 2771 31 26 de

109 2807 210 34 rijksveldwacht
340 2809 70 25 staat
431 2816 46 15 aan
496 2807 30 25 de
543 2806 191 26 hoofdstations
751 2813 32 24 op
801 2804 65 34 post,
874 2836 4 6 _
886 2804 53 25 met
948 2803 44 26 het
1004 2812 50 25 oog

109 2837 32 38 oj.
159 2842 31 27 de
209 2842 148 31 uurwijzers
374 2841 109 32 gericht.
521 2841 59 22 Men
599 2839 117 31 verdiept
733 2839 57 24 zien
807 2838 27 24 in
853 2836 131 34 gissingen
1002 2838 51 24 wat

107 2874 45 26 het
170 2874 94 32 gevolg
281 2872 40 26 zal
339 2872 50 33 zijn
409 2880 48 19 van
477 2871 78 26 dezen
573 2869 151 34 maatregel.

139 2955 89 27 271ste
255 2953 307 27 STAATS-LOTERIJ:
581 2952 46 27 3de
648 2952 92 28 klasse,
762 2950 53 26 Iste
833 2950 69 32 lijst:
920 2949 43 26 N°.
980 2953 65 22 3042

107 2988 115 30 ƒ2000;
248 2986 44 27 N°.
311 2991 71 27 9170,
403 2989 80 24 138S0
500 2994 32 18 en
550 2988 64 24 1866
631 2985 26 30 ƒ
676 2987 78 27 1000;
771 2983 44 26 N°.
835 2986 76 25 17741
933 2991 32 17 en
980 2986 72 21 5615,

106 3020 74 25 leder
198 3020 24 27 ƒ
235 3022 56 22 400.

139 3090 13 13 *
171 3087 223 31 ROTTERDAM,
412 3091 15 22 3
445 3087 59 26 Jan.
529 3086 53 26 Het
599 3085 181 26 bankiershuis
797 3085 71 25 Mees
886 3084 67 26 viert
970 3084 84 26 heden

109 3122 52 30 zijn
182 3120 125 34 150-jarig
324 3120 116 25 bestaan.

141 3154 14 13 *
172 3152 180 27 HAARLEM.
372 3156 14 24 3
404 3154 58 22 Jan.
491 3151 71 25 Door
580 3151 47 25 den
647 3150 64 26 raad
730 3150 74 26 dezer
821 3150 133 33 gemeente
971 3149 22 25 is
1011 3148 28 27 be-

106 3183 92 32 sloten,
217 3194 32 25 op
267 3187 31 25 de
315 3185 117 26 im.ssieve
444 3194 48 17 van
502 3183 48 26 den
561 3183 118 26 minister
689 3191 51 18 van
748 3183 135 28 finantiën,
894 3181 158 26 betreffende

107 3226 47 17 «■en
171 3219 84 25 nieuw
273 3219 26 24 in
317 3221 26 21 te
360 3219 103 25 richten
483 3217 176 32 postkantoor,
678 3223 31 18 en
725 3215 105 33 woning
847 3222 50 18 van
908 3215 51 25 den
970 3214 71 25 direk-

109 3250 59 24 teur
178 3270 4 9 ,
202 3252 24 24 te
244 3250 183 27 antwoorden,
445 3249 47 25 dat
510 3248 31 26 de
559 3248 63 26 raad
641 3248 116 26 bezwaar
774 3248 73 25 vindt
865 3247 45 27 het
927 3247 63 25 door
1004 3246 47 26 den

107 3282 117 25 minister
243 3281 157 33 gehuldigde
419 3280 116 32 beginsel
552 3288 48 17 aan
617 3280 27 24 te
661 3287 107 21 nemen,
787 3280 66 25 doch
869 3280 64 24 daar
953 3287 27 17 er
990 3286 47 18 wer-

109 3313 80 33 kelijk
204 3314 122 28 behoefte
346 3322 47 18 aan
405 3321 44 18 een
462 3313 71 26 beter
543 3312 169 34 postkantoor
720 3312 104 27 bestaat
835 3320 31 18 en
876 3311 32 26 de
918 3311 80 34 goede
1010 3319 28 25 ge-

107 3341 122 32 zindheid
246 3357 50 17 van
314 3348 48 24 den
380 3347 118 25 minister
517 3346 133 25 dankbaar
669 3345 178 30 erkennende,
865 3344 100 26 beleefd
980 3352 72 18 maar

107 3378 129 33 dringend
254 3380 137 30 verzoekt,
418 3378 46 26 dat
482 3378 48 26 ook
549 3378 26 26 in
593 3378 61 26 deze
672 3378 149 33 gemeente,
847 3385 61 18 voor
928 3377 124 33 rekening

106 3419 52 18 van
172 3411 48 26 het
240 3413 48 32 rijk
307 3422 46 15 een
371 3411 171 33 postkantoor
557 3411 115 32 gesticht
687 3410 94 25 worde.

141 3458 32 5 —
190 3444 72 26 Door
279 3444 46 26 het
341 3444 244 32 gemeentebestuur
602 3442 84 26 alhier
711 3442 48 34 zijn
778 3443 26 24 in
821 3441 162 33 prolongatie
1000 3442 39 25 uit-

106 3483 117 21 geceven
243 3477 17 25 f
272 3481 87 20 10.000
373 3481 5 20 b
392 3480 14 20 6
419 3475 63 26 n(!_.
502 3476 15 21 f
530 3478 85 21 _>_100
625 3476 48 24 0.61
681 3475 2 12 '
685 3485 18 22 %
704 3468 50 33 vOt
774 3483 34 17 en.
823 3475 15 22 /;
848 3476 119 32 3_yWfta.
981 3482 53 20 .«.-

109 3507 58 25 zich
183 3508 58 24 hier
259 3508 83 24 weder
360 3515 32 30 op
409 3508 89 28 eenige
516 3507 94 24 stallen
630 3508 79 22 onder
726 3508 46 22 het
790 3515 45 15 vee
853 3508 133 22 vertoond.

143 3539 12 13 *
174 3539 220 28 GRONINGEN,
415 3541 8 22 1
445 3539 59 25 Jan.
530 3537 38 26 De
585 3539 99 25 nieuwe
703 3537 156 33 organisatie
875 3537 34 33 bij
922 3537 31 27 de
961 3537 90 34 politie

107 3569 77 27 dezer
201 3573 133 32 gemeente
352 3572 20 25 is
391 3572 83 26 heden
491 3572 26 25 in
535 3570 118 33 werking
669 3572 132 33 getreden.
836 3570 86 27 Onder
939 3572 112 25 anderen

106 3602 80 33 hoopt
213 3612 73 21 men,
305 3605 46 24 dat
374 3605 32 24 de
438 3604 154 32 benoeming
619 3612 51 15 van
689 3604 56 25 drie
764 3604 162 32 inspekteurs
943 3604 40 25 uit
1003 3604 48 26 den

109 3644 70 18 meer
204 3635 172 26 beschaafden
394 3637 77 25 stand
490 3644 27 17 er
534 3638 41 22 toe
594 3635 39 25 zal
653 3635 183 30 medewerken,
854 3635 47 25 dat
918 3635 30 25 de
965 3639 70 22 maat-

107 3669 104 28 regelen
229 3669 46 24 der
293 3669 87 31 politie
399 3667 99 25 minder
517 3667 136 32 repressief
667 3669 50 25 dan
733 3669 146 32 jireventief
894 3669 84 25 zullen
986 3677 50 17 wor-

106 3698 51 26 den
176 3707 31 17 en
224 3699 46 25 dat
288 3692 31 32 de
340 3699 112 32 burgerij
474 3699 40 26 zal
530 3699 85 25 inzien
631 3699 45 26 dat
693 3700 32 25 de
742 3700 90 34 politie
848 3709 60 18 eene
918 3702 135 33 instelling

105 3730 31 32 is,
154 3731 40 26 die
216 3732 54 25 niet
291 3733 77 26 tegen
389 3732 64 25 haar
470 3739 60 19 over
549 3739 72 19 maar
638 3735 74 24 naast
729 3733 65 26 haar
810 3735 77 25 staat.

142 3765 12 12 *
172 3764 190 25 DEVENTER
374 3785 4 6 ,
394 3769 17 21 2
430 3765 58 25 Jan.
515 3765 34 25 Jl.
567 3767 105 33 Zondag
689 3768 71 24 heeft
777 3775 48 17 aan
841 3768 45 24 het
895 3767 98 25 bureau
1003 3775 48 17 van

106 3795 48 26 het
178 3796 103 25 station
299 3804 48 18 van
365 3796 48 26 den
432 3798 215 38 staatsspoorweg
664 3798 83 27 alhier
764 3808 46 18 een
827 3800 103 25 brutale
948 3798 104 26 diefstal

107 3827 85 35 {«taats
222 3829 91 31 g.-bad.
352 3830 66 25 Eene
444 3831 57 25 lade
529 3841 20 15 is
575 3833 197 33 opengebroken
790 3841 31 15 eu
837 3831 104 25 daaruit
958 3831 30 24 de
1006 3833 46 24 kas

107 3861 155 26 ontvreemd
278 3863 45 24 ten
339 3862 112 34 bedrage
471 3872 48 18 van
529 3865 25 30 ƒ
563 3867 39 24 90.
621 3865 50 25 Tot
680 3865 83 24 heden
772 3863 30 25 de
814 3865 20 22 is
848 3863 78 24 .lader
935 3872 50 17 van
993 3863 59 26 dien

105 3894 105 27 stouten
227 3894 107 28 diefstal
352 3905 51 25 nog
420 3896 54 26 niet
493 3896 118 27 ontdekt.

330 3991 257 32 HAAGSCHE
611 3991 210 32 KRONIJK.

572 4033 32 26 's
619 4033 78 26 HAGE,
712 4033 32 26 31
759 4033 126 26 December
901 4033 78 26 1869.

139 4068 39 26 De
204 4068 118 33 glijbaan
348 4075 32 25 op
400 4067 19 25 't
437 4065 151 27 Binnenhof
602 4067 21 26 is
641 4067 117 33 gesloten
771 4088 4 7 ,
802 4068 40 24 die
861 4068 24 24 in
905 4068 44 24 het
969 4067 84 33 Lange

107 4098 136 28 Voorhout
263 4109 31 18 en
313 4101 81 25 elders
413 4100 50 33 zijn
481 4100 25 25 in
524 4098 85 28 vollen
628 4108 76 25 gang.
731 4101 73 25 leder
823 4101 63 32 zijne
900 4100 81 25 beurt.
1000 4100 53 25 Het

109 4131 107 27 ditmaal
244 4134 161 33 proverbiale
437 4133 74 25 «kort
535 4131 87 26 woord
664 4140 76 18 onzer
768 4131 286 33 vertegenwoordiging

109 4163 72 27 heeft
198 4174 50 18 van
257 4170 32 21 26
301 4166 145 26 November
457 4167 40 24 tot
504 4168 33 22 23
544 4165 143 26 December
696 4166 124 32 geduurd,
837 4173 32 18 en
887 4166 45 25 het
951 4166 103 31 Bijblad

109 4194 71 30 heeft
204 4198 141 27 inderdaad
370 4206 46 19 zoo
435 4198 54 27 veel
506 4196 104 27 voedsel
625 4196 145 35 gekregen,
788 4198 46 26 dat
850 4199 45 25 het
914 4198 74 26 zeker
1005 4206 32 17 em-

107 4226 126 37 bonpoint
252 4233 126 24 vertoont.
405 4232 79 24 Dikte
502 4231 22 25 is
540 4232 89 24 echter
648 4238 51 24 nog
719 4238 64 24 geen
801 4231 87 32 bewijs
906 4238 50 17 van
973 4230 66 33 spier-

109 4258 94 31 kracht
227 4264 30 26 of
278 4264 56 34 pit,
359 4271 97 26 zeggen
483 4263 30 26 de
531 4263 99 26 medici.
667 4264 66 26 Over
751 4263 38 25 dit
807 4263 111 30 terrein,
937 4263 54 25 niet
1007 4263 45 25 het

110 4294 91 31 mijne,
226 4294 64 34 glijd
315 4297 26 25 ik
367 4296 119 25 evensnel
520 4304 32 17 en
582 4296 103 32 luchtig
702 4296 65 25 heen
783 4294 38 26 als
837 4304 61 17 onze
915 4294 137 33 Ihaagsche

109 4326 194 35 straatjongens
318 4336 61 18 over
396 4329 31 24 de
445 4328 125 25 bevroren
581 4329 109 32 plassen,
700 4336 32 17 en
742 4326 59 26 kom
820 4328 79 26 liever
915 4328 102 26 terecht
1026 4328 26 25 in

110 4356 46 27 het
172 4359 86 34 Lange
278 4361 130 25 Voorhout
416 4361 14 33 ,J
439 4361 30 25 de
491 4361 113 31 glijbaan
624 4369 46 25 par
687 4358 156 30 excellence,
861 4368 69 18 waar
947 4359 30 25 de
994 4368 44 17 nar-

110 4391 133 26 rensleden
269 4401 41 18 om
338 4394 76 31 strijd
432 4388 219 35 voorbijvliegen,
677 4401 31 17 en
726 4393 31 24 de
775 4391 148 25 rinkelende
941 4391 111 34 paarden

111 4424 52 22 met
188 4424 85 25 hunne
299 4424 132 25 wuivende
455 4433 92 18 veeren
572 4426 46 25 het
643 4426 79 31 genot
748 4423 132 27 uitmaken
898 4433 50 18 van
973 4433 79 17 onzen

110 4454 174 33 beaumonde,
306 4457 40 25 die
372 4459 26 24 in
425 4457 19 24 't
463 4457 80 26 ruime
565 4450 148 41 middelpad
729 4457 122 25 tusschen
868 4459 65 25 twee
951 4466 32 17 en
999 4457 54 25 vier

112 4495 47 18 uur
178 4488 165 28 rendez-vo-s
363 4491 78 30 geeft.

142 4520 38 26 De
200 4521 168 25 ambtenaren
390 4522 44 25 der
459 4522 209 32 departementen
689 4530 47 17 van
755 4519 97 28 marine
869 4531 31 15 en
928 4521 124 25 linantien

110 4559 32 18 en
165 4552 46 26 der
236 4553 144 33 algemeene
409 4553 168 26 rekenkamer
601 4553 100 26 hebben
729 4553 141 26 inderdaad
888 4564 45 15 een
953 4560 99 20 zweren

110 4584 76 33 strijtl
209 4585 26 25 te
250 4592 93 18 voeren
361 4587 120 24 tusschen
501 4586 51 25 bun
573 4586 63 31 ijver
652 4594 31 17 en
702 4586 18 24 's
732 4585 73 25 lands
824 4586 79 24 zaken
925 4589 50 22 nut
994 4585 58 27 dien

110 4617 78 32 spoed
206 4617 30 26 af
249 4617 26 26 te
293 4617 73 30 doen,
386 4619 93 25 welken
500 4618 111 27 Dickens
628 4618 26 26 in
673 4619 48 32 zijn
749 4618 304 26 circumlocutioii-oftice

109 4656 46 19 zoo
170 4649 66 33 juist
254 4649 156 32 waardeert,
429 4658 30 19 en
478 4652 52 25 hun
549 4651 51 25 lust
621 4661 40 15 om
680 4658 63 18 naar
761 4650 25 25 al
804 4650 39 25 die
863 4651 128 25 zeldzame
1009 4650 30 25 be-

110 4681 155 33 drijvigheid
282 4688 33 18 en
331 4682 175 26 beau-monde
531 4684 26 24 te
576 4683 92 31 kijken.
698 4684 106 30 Hoogen
823 4690 31 18 en
872 4682 77 32 lagen
960 4702 5 11 ,
983 4690 53 18 zwa-

110 4720 45 19 ren
165 4721 31 18 en
206 4714 99 26 lichten
317 4722 5 15 :
339 4714 63 26 alles
419 4714 113 28 drentelt
556 4715 63 26 door
637 4715 45 26 het
693 4714 130 34 geveegde
836 4708 165 39 midden-pad
1012 4723 41 18 om

110 4746 213 32 aanweêrszijden
333 4746 30 24 de
374 4747 86 31 rijkste
477 4748 181 25 narrensled.-n
667 4749 53 24 met
730 4748 30 25 de
770 4747 145 33 prachtigst
926 4747 126 26 versierde

111 4776 171 30 harddravers
300 4779 27 25 te
346 4778 54 27 zien
419 4780 214 33 voorbijtrekken.

143 4812 52 25 Zou
213 4812 31 25 de
262 4811 123 25 achtbare
403 4812 167 26 rekenkamer
587 4813 34 32 bij
639 4812 46 26 het
702 4812 188 26 aanschouwen
907 4812 54 25 «lier
980 4812 54 26 wed-

112 4841 126 32 ijverende
257 4850 89 20 rossen
363 4841 48 26 ook
429 4844 53 25 niet
500 4852 47 18 aan
565 4845 40 26 die
626 4844 198 35 Leporello-lijst
843 4852 50 18 van
909 4845 131 25 sollicitan-

112 4877 44 25 ten
182 4877 99 26 deuken
293 4897 5 8 ,
326 4874 40 25 die
393 4874 67 26 allen
487 4876 25 26 in
537 4877 54 26 zich
615 4877 31 26 de
664 4877 54 26 stof
733 4877 89 26 voelen
834 4897 4 8 ,
859 4885 118 18 waarvan
994 4885 59 19 men

112 4906 72 30 leden
211 4909 45 27 der
282 4907 169 26 rekenkamer
481 4910 31 24 ad
539 4912 64 21 4000
619 4910 94 33 gulden
732 4910 94 25 maakt.
855 4910 80 25 Zeker
954 4911 20 24 is
992 4910 61 30 het,

109 4941 45 27 dat
172 4943 30 26 de
213 4938 294 35 meestuiteenloopende
517 4943 123 25 carrières
661 4950 46 19 een
718 4943 161 26 uitstekende
891 4942 163 27 oefènschool

111 4983 61 18 voor
191 4976 46 25 dat
255 4974 190 31 lidmaatschap
461 4972 33 26 ad
511 4976 64 22 4000
592 4975 96 31 gulden
705 4975 112 32 schijnen
836 4975 26 25 te
882 4983 92 18 wezen.
1000 4976 35 25 On-

111 5007 46 26 der
183 5008 30 25 de
241 5006 178 31 mededingers
438 5003 73 26 vindt
529 5014 58 17 men
604 5007 25 25 b.
644 5014 24 18 v.
686 5014 45 18 een
748 5001 175 31 kommissaris
939 5015 48 18 van
1005 5015 32 26 po-

113 5039 59 27 litie
184 5060 5 9 ,
209 5040 40 25 die
268 5039 50 26 alle
337 5037 97 26 slechte
452 5036 137 27 rekenaars
607 5047 48 17 van
674 5039 102 26 vokatie
795 5040 27 25 of
837 5040 93 32 beroep
948 5041 90 25 kontro-

113 5063 65 34 leert
204 5080 32 18 en
263 5070 129 30 zoovelen,
411 5069 40 26 die
468 5069 90 27 buiten
576 5070 47 26 den
643 5072 86 25 waard
745 5073 129 32 gerekend
893 5073 107 31 hadden,
1015 5073 39 26 dit

113 5106 81 25 onder
213 5106 45 25 het
276 5112 51 26 oog
343 5105 103 32 brengt.
471 5104 53 26 Dat
542 5112 47 18 een
606 5104 168 33 hoogleeraar
791 5105 26 25 in
836 5105 31 25 de
885 5106 168 26 stern-kunde

115 5138 51 25 ook
190 5145 48 18 aan
265 5138 50 25 den
341 5138 132 30 aandrang
500 5137 129 30 toegeeft,
648 5145 39 17 om
706 5137 38 25 als
762 5145 45 15 een
824 5138 45 24 der
887 5139 100 24 sterren
1005 5146 48 17 aan

111 5177 81 18 onzen
211 5170 217 27 vader—_t«lsclien
446 5169 163 26 rekenbemel
628 5171 26 22 te
671 5169 158 31 schitteren,
848 5170 21 25 is
887 5171 54 24 niet
954 5171 99 26 minder

111 5202 191 26 verklaarbaar.
337 5203 56 26 Wie
411 5204 26 22 in
454 5202 46 25 het
517 5202 142 32 uitspansel
676 5203 50 24 den
744 5210 54 24 weg
817 5203 65 24 weet
901 5204 25 22 te
944 5204 109 28 vinden,

111 5235 39 24 zal
178 5236 52 24 met
256 5235 54 25 niet
337 5235 99 25 minder
457 5233 198 27 schranderheid
673 5233 26 26 in
719 5233 45 26 dat
785 5233 220 35 eijfer-labyrinth
1023 5226 30 35 de

109 5274 44 50 t—
152 5265 96 34 uk_ige
266 5267 112 26 Thesen»
399 5269 83 24 weten
500 5269 26 22 te
546 5267 57 31 zijn.

130 5298 33 25 len
181 5298 143 25 solliciteur
341 5300 78 25 onder
438 5300 39 24 die
503 5298 177 25 sollicitanten
698 5298 21 24 is
736 5307 45 15 zoo
798 5298 142 32 natuurlijk
957 5308 31 15 en
1005 5308 32 25 op-

112 5327 102 30 losbaar
239 5331 122 33 mogelijk
371 5341 4 17 :
403 5329 116 32 iemand,
536 5330 39 26 die
593 5330 74 33 altijd
686 5339 59 18 voor
767 5330 111 26 anderen
898 5331 106 34 vraagt.
1023 5341 31 17 Eu

111 5361 39 25 dit
168 5365 106 24 meestal
292 5366 53 22 niet
361 5365 104 28 sukces,
484 5373 59 24 raag
561 5367 44 21 ten
622 5365 78 24 slotte
710 5363 58 30 .ook
784 5363 48 25 wel
850 5372 59 17 eens
925 5372 63 18 voor
998 5365 56 26 zich

115 5393 89 27 -elven
221 5402 103 27 vragen.

144 5425 37 26 De
207 5427 87 27 kamer
319 5426 71 27 heeft
412 5426 87 28 echter
526 5427 260 34 ongelukkigerwijze
803 5435 63 24 geen
885 5428 48 32 tijd
954 5428 83 31 gehad
1049 5450 4 8 ,

112 5466 41 17 om
171 5467 59 17 eene
257 5460 156 26 voordracht
436 5460 177 26 daaromtrent
631 5469 50 17 aan
697 5460 48 25 den
763 5461 98 32 koning
876 5463 26 22 te
921 5461 72 24 doen.
1020 5463 33 22 Er

111 5496 54 19 was
193 5498 64 24 geen
274 5492 137 32 oogenblik
429 5493 24 24 te
472 5491 133 28 verliezen.
633 5493 37 24 De
692 5492 86 25 «korte
953 5494 100 24 inoefen

110 5528 38 19 nu
165 5523 130 33 werkelijk
313 5525 59 24 kort
389 5525 110 25 worden.
524 5525 38 25 De
582 5525 94 25 laatste
697 5525 146 32 zittingdag
862 5535 51 15 was
931 5526 44 24 het
987 5526 50 24 kon-

111 5555 69 22 trast
207 5562 48 17 van
281 5556 24 24 al
335 5556 30 24 de
391 5557 93 31 vorige.
520 5558 52 24 Het
602 5565 50 17 was
671 5557 22 25 Ie
718 5550 67 39 petil
803 5557 79 25 Faust
901 5567 48 15 van
967 5557 86 26 Hervé

111 5587 141 27 teg.-nover
269 5587 47 24 den
335 5585 104 35 echten,
461 5589 130 32 deftig.-ii,
609 5588 131 33 emstigen
756 5589 81 27 Faust
853 5597 50 20 van
921 5590 116 27 Gounod.

145 5617 80 25 Waar
242 5619 90 26 anders
350 5620 30 26 de
398 5624 80 22 eerst.-
498 5623 76 26 tenor
591 5621 32 26 de
631 5621 136 34 prachtige
776 5622 76 26 aria's
859 5629 33 20 en
900 5622 73 27 duo's
980 5630 73 25 zong,

115 5648 63 25 trad
193 5656 35 17 nu
243 5649 31 25 de
291 5650 100 27 komiek
411 5662 46 24 op,
476 5662 41 17 om
534 5654 48 25 den
602 5653 206 34 pseudo-Faust,
827 5654 48 27 den
895 5655 144 26 kostschool-

113 5680 106 30 houder,
237 5681 26 25 te
282 5685 144 26 vertoonen.
452 5686 39 26 De
508 5686 113 33 ernstige
641 5686 97 30 Faust,
756 5687 30 25 de
804 5687 59 25 heer
883 5686 112 28 Fransen
1003 5695 51 19 van

113 5712 32 26 de
171 5712 94 32 Putte,
282 5717 99 31 speelde
399 5718 107 26 ditmaal
526 5719 34 32 bij
580 5719 30 26 de
625 5719 174 32 behandeling
816 5728 47 17 van
882 5720 112 25 hoofdst.
1013 5721 39 25 IX

113 5745 46 26 der
176 5745 154 38 begrooting
350 5757 77 21 geene
445 5751 46 24 rol.
524 5751 60 25 Men
604 5751 70 25 hield
691 5759 78 22 geene
783 5746 135 39 'grondige,
939 5751 113 37 gedegen

113 5777 142 32 diskussie,
282 5777 84 30 zooals
385 5781 43 25 het
445 5780 150 30 Binnenhof
607 5783 41 27 die
669 5784 64 26 weet
750 5778 74 39 op'te
843 5784 117 34 leveren-,
978 5787 19 24 't
1005 5796 47 17 zou

113 5812 26 24 in
157 5810 46 27 één
222 5811 51 32 dag
291 5810 119 33 geleverd
431 5815 117 26 worden:
567 5816 18 22 't
595 5823 51 17 was
664 5817 22 24 Ie
705 5817 65 32 petit
788 5818 87 25 Faust.

144 5844 34 25 Er
196 5851 54 18 was
268 5843 64 26 zelfs
350 5843 293 37 geenMeph—topheles
660 5849 40 24 di.-
719 5856 32 25 op
768 5850 135 25 satansche
924 5850 70 31 wijze
1004 5850 48 26 den

112 5876 125 30 minister,
255 5875 48 26 den
322 5875 122 26 Valentin
464 5876 38 25 uit
521 5877 44 25 het
587 5880 66 26 stuk,
665 5881 113 24 trachtte
789 5882 26 22 te
824 5881 65 27 doen
900 5882 151 26 doorboren.

111 5910 77 27 Niets
206 5909 129 26 daarvan!
361 5908 39 26 De
418 5908 60 26 heer
497 5908 150 27 Hasselman
666 5919 51 17 was
735 5921 45 15 een
798 5913 185 34 goedhartige,
1002 5922 33 25 ge-

109 5942 145 26 miithliche
281 5941 234 32 Mephistopheles,
542 5941 100 26 kortom
670 5949 33 25 op
719 5943 83 24 nieuw
817 5943 48 27 het
883 5947 167 33 perse-naadje

109 5975 40 26 uit
167 5979 24 24 Ie
203 5979 66 31 petit
286 5975 90 26 Faust.
405 5974 35 25 En
458 5981 45 17 zoo
521 5981 52 18 was
592 5981 47 18 van
658 5973 44 27 het
722 5975 74 30 begin
815 5976 41 25 tot
865 5975 48 26 het
921 5975 74 27 einde
1003 5978 46 27 het

106 6009 122 26 kontrast
246 6008 122 27 tusschen
386 6006 40 26 die
445 6006 92 26 laatste
559 6006 185 32 vergadering,
764 6008 93 24 waarin
876 6008 158 28 wetsontwer-

106 6048 47 28 pen
183 6045 52 24 met
260 6040 149 27 duizelende
436 6038 116 27 snelheid
579 6047 45 17 ons
641 6038 189 33 voorbijvlogen
843 6060 5 6 ,
867 6048 30 15 en
915 6041 30 24 de
963 6044 87 27 vorige

106 6076 221 32 vergaderingen,
348 6073 94 26 waarin
463 6072 41 26 elk
524 6071 132 32 artikeltje
676 6071 53 26 met
737 6071 191 33 onnavolgbare
938 6072 38 27 Ge
978 6073 71 27 rard-

106 6106 144 27 Doiïwsche
278 6104 228 35 nauwkeurigheid
531 6104 70 26 werd
621 6104 170 32 uitgeplozen.
816 6103 34 27 Er
859 6103 103 28 werden
970 6112 79 25 geene

106 6141 122 28 speeches
244 6149 69 15 meer
332 6131 143 43 gehouden,
495 6148 31 15 en
544 6136 235 33 ontzagwekkende
804 6136 105 25 beelden
928 6137 38 24 als
985 6136 21 26 b.
1026 6144 22 19 V.

109 6170 41 25 die
170 6180 47 15 van
239 6181 58 17 veen
315 6172 92 25 sociale
426 6174 112 28 stroom,
556 6170 40 27 die
615 6168 85 27 steeds
718 6169 90 26 verder
824 6170 79 31 grijpt
914 6176 30 18 en
954 6169 97 32 hooger

110 6202 77 25 zwelt
206 6203 120 31 (Bijblad,
345 6213 57 25 pag.
419 6208 58 26 804)
497 6203 158 27 schitterden
674 6202 56 26 niet
746 6208 71 19 meer
834 6201 26 26 in
880 6201 46 26 het
943 6201 85 26 debat.

141 6234 39 25 De
203 6237 66 28 petit
287 6235 80 26 Faust
386 6244 31 17 nn
430 6257 5 6 .
452 6237 26 25 in
497 6237 30 26 de
546 6243 92 25 opera,
658 6234 70 31 heeft
745 6235 25 27 al
788 6234 50 27 den
854 6234 119 33 toeloop,
992 6234 58 26 dien

113 6273 47 19 een
171 6265 174 33 opera-bouffe
363 6268 25 24 in
406 6267 30 26 de
456 6270 133 22 residentie
609 6269 162 27 verwachten
791 6276 66 22 mag.
881 6268 169 25 LaGrande-

110 6299 129 25 Duchesse
256 6306 30 14 en
305 6300 8 22 t
314 6306 17 17 a
348 6299 59 25 belle
426 6299 96 27 Hélf.ne
544 6302 87 24 wisten
652 6301 28 26 de
710 6301 128 34 haagsche
856 6299 94 28 wereld
971 6301 25 22 te
1009 6300 27 25 be-

113 6331 78 24 koren
204 6350 4 6 ,
227 6337 46 14 een
295 6327 85 33 bewijs
393 6350 2 5 .
415 6331 45 22 dat
477 6339 27 15 z.-
522 6332 239 26 allei-bescb.-i.lenst
784 6335 22 24 in
828 6333 61 27 hare
909 6333 100 26 eiscbell
1022 6332 27 31 is;

111 6369 112 19 waarom
242 6367 45 17 zou
308 6363 20 22 le
340 6364 61 27 petit
419 6360 74 27 Faust
507 6364 43 22 .lat
622 6364 71 27 _echl
705 6366 45 26 ook
764 6369 47 24 niet
826 6367 41 26 ten
879 6365 56 28 deel
948 6364 102 28 vallen?

139 6394 70 26 Onze
236 6390 172 33 schouwburg
436 6391 19 26 is
478 6400 45 17 een
542 6396 113 24 neutraal
676 6397 110 32 terrein,
807 6407 66 15 waar
889 6400 50 24 all.-
959 6404 90 28 genres

103 6423 259 39 vertegenwoordigd
380 6424 118 28 worden;
516 6424 63 25 alles
596 6426 83 24 wordt
697 6436 27 17 er
741 6437 111 25 gegev.-n
865 6452 5 6 .
889 6431 92 26 zonder
1002 6432 47 25 dat

105 6461 47 27 het
170 6459 144 34 koninklijk
334 6457 102 26 tooneel
454 6457 54 25 ooit
524 6458 168 25 schaamrood
709 6456 90 31 wórdt.
824 6462 66 28 Tons
909 6467 35 22 b-s
957 6474 91 26 genres

102 6496 61 25 sont
181 6495 71 30 bons,
275 6495 20 25 is
306 6493 30 26 de
348 6491 60 27 leus,
428 6500 32 17 en
478 6490 39 33 wij
536 6490 56 25 zien
609 6498 28 17 er
654 6490 47 25 dus
719 6490 63 27 alles
800 6496 207 30 voorbijtrekken
1017 6513 31 4 —

104 6527 107 27 behalve
230 6527 31 27 de
280 6527 65 26 oude
364 6523 150 30 dekorati—l
533 6531 31 18 en
582 6523 30 25 de
630 6522 86 27 koren,
735 6521 39 28 die
793 6522 102 31 helaas!
913 6528 135 33 li.-sten.lig

103 6568 33 18 en
152 6560 161 33 onsterfelijk
333 6560 57 33 zijn.
422 6563 6 19 <
438 6557 125 33 hrerigens
582 6556 125 31 beklagen
728 6556 39 31 wij
787 6562 45 19 ons
850 6557 38 24 dit
902 6559 58 31 jaar
979 6561 69 31 niet,

104 6600 31 17 en
163 6599 118 19 wanneer
301 6600 27 17 er
348 6594 50 24 wat
415 6599 70 20 meCT
504 6593 59 32 lijn.-
582 6591 85 25 smaak
687 6596 31 19 en
737 6587 107 34 achting
863 6595 60 20 voor
941 6591 45 24 bet
1005 6600 30 22 pu-

112 6624 60 26 blic'
198 6624 34 14 ''■'
253 6625 13 15 '4
300 6625 15 24 k
335 6633 43 15 ■■'.-
397 6625 44 26 d.-r
454 6625 141 33 l.!ijs|.elen.
606 6624 132 26 koiiiediën
749 6632 30 15 en
790 6621 176 33 klucbtspelen
979 6632 57 17 voor-

102 6658 51 26 zat,
171 6654 124 30 behoefde
313 6657 79 27 dezen
409 6658 93 26 winter
520 6658 119 26 niem-uid
658 6654 193 35 klaagiiederen
859 6661 51 20 aan
919 6656 27 26 te
954 6654 92 28 heffen.

100 6689 74 28 Doch
202 6689 46 26 het
270 6690 24 26 is
319 6690 80 32 lastig
424 6691 46 25 het
488 6691 117 25 iedereen
622 6698 64 18 naar
704 6691 48 25 den
772 6690 39 25 zin
831 6690 25 24 te
876 6689 91 25 maken
980 6698 4 21 ;
1003 6689 45 25 dat.

100 6720 149 30 ondervond
268 6724 28 25 de
315 6726 135 24 Caieciator
467 6723 76 26 zeker
560 6723 56 26 ook,
635 6723 58 27 toen
713 6724 30 31 >ij
768 6730 43 19 ran
835 6720 93 28 Israëls
947 6729 83 26 eengt-

100 6754 110 28 teekend
235 6752 167 34 kinderkopje
428 6756 100 32 uitgaf,
556 6756 44 24 dat
619 6756 198 34 waarschijnlijk
839 6755 122 30 niemand
979 6762 69 27 raooj

118 6788 73 26 vindt
211 6787 48 26 dan
279 6787 31 27 de
328 6788 138 26 teekenaar
485 6795 31 19 en
542 6787 135 27 misschien
703 6787 31 27 de
751 6788 122 27 rodnktie.
900 6788 39 27 De
956 6788 91 32 Henv_

1096 124 100 33 beware
1214 136 45 21 ons
1276 137 31 20 en
1329 137 61 20 onze
1408 129 110 28 hazaten
1528 137 63 20 voor
1600 128 73 28 zulke
1688 128 175 34 litograflsche
1879 126 152 35 produkteh,

1096 162 40 26 die
1155 162 126 35 blijkbaar
1299 164 54 26 met
1380 170 46 19 een
1442 163 143 27 scheermes
1602 171 31 18 en
1650 170 46 19 een
1715 162 144 33 zeemenlap
1877 162 48 34 zijn
1943 162 73 33 uitge-

1096 195 85 27 voerd.
1214 195 53 28 Een
1292 196 154 27 bezemsteel
1470 196 39 27 als
1533 197 94 26 middel
1644 204 48 18 zou
1709 198 47 28 mij
1774 195 118 26 evenmin
1907 195 125 33 geërgerd

1096 227 107 33 hebben,
1220 230 61 25 mits
1298 229 46 25 het
1361 229 126 25 resultaat
1506 237 66 18 ware
1590 229 124 33 gebleken
1734 228 64 32 goed
1814 229 26 24 te
1859 228 56 32 zijn.

1129 261 54 27 Ook
1201 261 31 27 de
1248 262 79 25 kunst
1344 262 21 26 is
1382 262 139 26 inderdaad
1540 269 46 20 een
1602 260 191 35 spiegelgladde
1813 260 120 32 glijbaan.

1129 294 44 25 Zal
1191 294 40 25 die
1247 294 113 27 nieuwe,
1380 298 124 22 waarmee
1521 304 38 17 we
1577 302 106 24 morgen
1700 300 167 25 aanvangen,
1873 292 103 26 minder
1982 291 38 26 las-

1096 325 39 33 tig
1154 326 72 32 zijn?
1244 325 19 26 't
1280 327 25 24 Is
1324 334 45 18 een
1385 326 170 37 onoplosbaar
1572 326 107 26 raadsel.
1706 325 74 26 Twee
1800 321 124 28 kwestiën
1944 321 87 28 echter

1096 352 39 32 «al
1156 363 63 24 1870
1234 367 63 18 voor
1317 359 30 26 de
1364 360 187 33 oo.evaarstad
1569 360 74 25 zeker
1662 359 47 25 wel
1720 358 124 32 oplossen.
1861 358 38 25 En
1911 357 122 25 ofschoon

1096 392 45 24 het
1157 390 139 26 inderdaad
1317 400 46 15 van
1381 391 48 27 den
1447 390 213 38 gemeenteraad,
1678 390 39 26 die
1736 390 52 27 met
1808 386 223 28 werkzaamheden

1095 423 138 33 overkropt
1251 423 35 31 is,
1305 423 69 34 bijna
1390 425 53 26 niet
1460 433 60 25 mag
1538 423 113 35 gevergd
1670 423 117 30 worden,
1806 422 39 26 zal
1865 420 70 26 ieder
1948 420 69 31 Hage-

1096 464 63 18 naar
1175 464 50 17 aan
1243 449 46 33 dat
1305 456 64 26 door
1385 458 102 25 werken
1506 465 31 17 en
1559 463 118 25 zwoegen
1703 455 118 33 afgetobt
1840 454 126 28 lichaam,
1983 452 50 25 wel

1096 488 50 26 den
1161 488 255 34 nieuwjaarswensch
1435 491 111 25 richten:
1563 489 48 26 Als
1628 488 31 26 de
1676 488 94 26 heeren
1787 487 26 26 al
1831 487 41 25 die
1890 482 143 31 onmisbare

1096 521 196 32 verbeteringen
1311 523 40 24 tot
1369 523 76 25 stand
1461 522 103 26 hebben
1579 521 66 26 doen
1662 521 130 32 brengen,
1809 519 80 25 welke
1902 519 24 24 in
1936 517 30 25 de
1976 526 43 17 eer-

1096 553 39 26 ste
1152 548 132 38 plaats'de
1302 555 158 32 gezondheid
1480 563 31 15 en
1537 553 125 26 welvaart
1682 553 45 24 der
1752 550 139 26 residentie
1907 549 110 26 bevorde-

1096 593 59 22 ren,
1174 587 56 30 (zoo
1246 586 39 26 als
1310 587 30 25 de
1365 586 170 34 verbreedjng
1552 586 46 26 der
1616 585 170 27 Parkstraat,
1814 583 45 25 het
1885 583 81 24 mooie
1983 581 50 26 hek

1095 626 41 18 om
1153 618 46 26 het
1214 620 164 31 monument,
1396 628 32 17 en
1444 619 94 26 andere
1557 617 282 31 allernoodzakelijkste
1857 614 113 33 dingen),
1989 614 45 25 dat

1096 651 31 33 zij
1147 651 51 25 dan
1218 659 59 18 eens
1293 661 50 15 aan
1361 661 46 17 een
1427 651 181 32 waterleiding
1624 658 32 18 en
1672 650 66 32 goed
1755 647 154 27 rioolstelsel
1925 646 107 26 denken.

1129 683 90 26 Mocht
1235 684 31 26 de
1284 684 122 26 kostbare
1423 684 47 32 tijd
1487 691 52 19 van
1556 683 50 26 den
1623 680 197 34 gemeenteraad
1837 680 54 25 niet
1907 687 48 17 aan
1974 679 59 25 deze

1096 716 64 25 twee
1170 716 93 26 laatste
1283 717 79 26 zaken
1378 711 92 38 gewijd
1487 716 104 26 kunnen
1610 715 119 28 worden,
1755 713 51 25 dan
1830 712 40 26 zal
1893 712 78 30 gewis
1994 712 39 25 die

1095 748 146 27 keurbende
1259 749 39 26 uit
1316 757 61 18 onze
1395 749 112 33 burgerij
1519 768 5 9 ,
1541 746 81 26 welke
1641 746 107 31 onlangs
1759 745 30 25 de
1798 742 237 34 noodzakelijkheid

1096 788 50 18 van
1161 781 46 26 het
1224 782 143 32 aanleggen
1383 788 76 20 eener
1478 780 180 31 waterleiding
1672 778 200 33 gekonstateerd
1887 778 78 30 heeft,
1983 785 52 24 nog

1096 821 59 17 eens
1172 814 249 32 dwarskijkerswerk
1437 820 159 24 aanvangen.
1624 810 137 27 Misschien
1778 811 39 24 zal
1834 811 31 31 zij
1884 811 66 28 dan,
1971 816 52 19 naai-

1096 844 47 25 den
1161 846 164 34 venïuftigen
1342 847 74 28 raad,
1435 844 109 33 onlangs
1560 843 63 26 door
1639 852 46 18 een
1703 843 37 25 lid
1757 852 50 17 van
1825 843 48 25 den
1890 843 130 31 gemeente-

1095 878 63 27 raad
1174 886 131 26 gegeven,
1331 879 48 26 ook
1404 879 50 26 wel
1478 878 47 26 het
1550 878 125 25 daarvoor
1696 875 146 33 benoodigd
1859 869 59 39 geld
1936 875 85 32 bijeen-

1096 911 115 33 brengen
1234 919 32 18 en
1292 920 32 25 op
1350 912 40 25 die
1416 911 71 33 wijze
1506 918 47 19 een
1576 909 214 25 tableau-vivant
1822 917 83 25 geven
1920 914 50 18 van
1988 906 50 26 den

1096 934 170 35 schranderen
1293 952 31 18 en
1342 941 159 28 werkzamen
1518 943 91 32 vogel,
1636 941 40 26 die
1702 950 46 18 een
1772 939 106 28 blinden
1898 939 63 26 vink
1977 940 59 24 eten

1096 984 33 18 en
1144 977 26 25 al
1187 969 46 33 het
1248 977 161 32 benoodigde
1429 974 152 26 aanbracht.

1129 1007 47 26 Dit
1192 1009 22 25 is
1231 1009 74 25 zeker
1330 1007 30 26 de
1384 1005 257 34 nieuwjaarswensch
1658 1015 51 17 van
1726 1005 26 27 al
1768 1005 31 26 de
1817 1005 164 34 Hagenaars,
1997 1003 40 26 die

1096 1042 46 25 het
1160 1042 47 24 wel
1225 1049 106 17 meenen
1356 1041 53 24 met
1435 1041 104 24 hunnen
1554 1048 64 17 neus
1637 1046 32 18 en
1687 1038 40 26 die
1743 1046 106 17 vreezen
1867 1037 45 25 dat
1937 1032 46 31 het
2007 1036 21 26 li-

1097 1072 162 26 chaamsdeel
1279 1080 96 25 gevaar
1390 1071 80 33 loopt.

1130 1106 104 24 Nieuws
1253 1104 20 24 is
1287 1113 28 17 er
1331 1104 27 24 in
1377 1103 30 26 de
1424 1103 137 26 residentie
1587 1103 63 26 niet.
1683 1103 39 25 De
1748 1103 102 26 honden
1873 1103 86 26 zullen
1983 1101 56 26 met

1100 1140 11 22 1
1129 1136 60 26 Jan.
1207 1136 200 31 ongeridderder
1423 1136 51 26 dan
1491 1137 53 25 ooit
1560 1146 97 20 wezen,
1677 1136 61 27 daar
1755 1137 45 25 het
1817 1136 115 26 metalen
1948 1134 77 26 onder-

1098 1169 253 32 scheidingsteeken,
1370 1169 112 26 hetwelk
1499 1169 31 30 zij
1547 1179 32 25 op
1597 1170 31 26 de
1645 1170 72 25 borst
1735 1169 119 33 droegen,
1872 1168 97 31 daarop
1984 1166 54 25 niet

1098 1209 69 15 meer
1183 1201 131 31 aanwezig
1331 1201 104 26 behoeft
1449 1204 26 25 te
1494 1202 57 33 zijn.
1577 1204 38 25 De
1631 1202 163 28 Slaats-Ct.,
1811 1201 46 24 het
1873 1199 79 26 minst
1969 1198 56 34 gele-

1097 1241 46 17 zen
1163 1233 60 25 blad
1240 1233 26 25 in
1285 1234 163 31 Nederland,
1473 1231 46 30 dat
1534 1237 43 24 tot
1593 1235 83 25 heden
1696 1235 71 30 bijna
1783 1233 63 25 alles
1863 1232 105 26 bevatte
1985 1232 53 24 wat

1097 1265 90 26 daarin
1205 1265 54 26 niet
1277 1258 124 35 behoefde
1416 1274 64 19 voor
1495 1258 27 35 te
1543 1267 107 30 komen,
1668 1260 58 35 zal,'
1741 1272 64 19 naar
1821 1273 58 18 men
1897 1264 74 34 zegt,
1989 1264 48 26 ook

1096 1299 26 25 in
1142 1299 19 24 't
1179 1299 106 32 vervolg
1302 1309 45 17 een
1364 1310 32 15 en
1414 1300 80 25 ander
1511 1298 204 28 binnenlandsch
1727 1298 96 25 nieuws
1832 1298 130 26 bevatten.
1980 1297 38 26 An-

1096 1331 46 25 der
1161 1331 97 25 nieuws
1276 1332 20 24 is
1313 1341 28 17 er
1359 1332 65 28 niet,
1442 1333 110 25 behalve
1571 1332 44 24 dat
1632 1331 25 24 al
1675 1329 31 27 de
1723 1330 73 25 leden
1818 1331 45 25 der
1879 1330 91 25 Eerste
1987 1329 34 26 Ka-

1096 1371 61 24 mer,
1175 1363 110 34 blijkens
1303 1365 45 25 het
1364 1367 120 32 Dagblad
1502 1372 51 17 van
1571 1363 84 26 heden
1671 1363 187 32 eenstemming
1874 1362 99 26 denken
1984 1363 53 25 met

1096 1397 39 25 dit
1152 1393 97 38 orgaian
1266 1407 60 17 over
1344 1397 50 25 den
1410 1396 220 26 revolutionairen
1654 1396 136 30 toestand,
1815 1395 97 26 waarin
1932 1395 19 25 's
1964 1395 73 26 lands

1096 1430 79 24 zaken
1196 1429 63 26 door
1277 1430 30 25 de
1324 1430 53 25 late
1394 1429 133 32 indiening
1545 1428 45 26 der
1606 1428 155 32 begrooting
1781 1428 126 32 gebracht
1925 1427 111 26 worden.

1096 1462 131 25 Voortaan
1245 1462 85 24 zullen
1342 1461 30 25 de
1390 1461 74 25 leden
1481 1462 67 24 eerst
1563 1462 165 24 konfereeren
1743 1461 25 25 in
1780 1461 30 24 de
1820 1460 217 26 redaktie-kamer

1095 1502 50 17 van
1161 1493 46 26 dat
1226 1493 120 26 beroemd
1364 1493 69 30 blad,
1450 1501 43 18 om
1509 1493 19 26 't
1540 1493 71 33 hoog
1626 1493 107 32 geschat
1750 1492 86 27 advies
1856 1492 56 26 dier
1919 1492 117 26 redaktie

1096 1527 24 24 in
1139 1528 25 22 te
1183 1527 102 24 winnen
1300 1534 32 17 en
1349 1527 27 24 te
1393 1519 102 39 volgen.
1517 1526 43 25 Nu
1577 1526 129 25 ontkenne
1723 1533 58 17 men
1799 1532 52 26 nog
1867 1525 50 26 den
1933 1525 104 25 invloed

1095 1559 45 26 der
1157 1567 67 24 pers.
2003 1589 22 2 _

1978 1866 44 546 WEERKUNDIGE
1978 2467 14 604 WAARNEMINGEN.

1924 2197 22 17 3
1924 2230 26 107 Januari
1918 2357 30 27 (8
1924 2400 18 45 ure
1925 2464 18 44 des
1925 2524 6 200 voormiddags).

1899 1641 11 50 ====
1899 1690 9 25 =
1899 1798 6 391 _________________________________
1899 2189 6 58 ______
1899 2424 6 71 ___—
1899 2494 7 15 _.
1899 2863 6 361 ________________________________

1861 1879 11 161 Barometer-
1860 2089 11 90 Wind-
1853 2284 1 168 w««_r___.l-
1863 2542 5 148 Thermom.
1861 2935 24 130 Toestand

1828 1887 5 139 afwijking,
1827 2074 4 124 richting.
1828 2561 6 105 Celsius.
1828 2770 18 46 «ler
1828 2832 5 81 lucht.
1828 3099 18 45 der
1827 3162 4 51 zee.

1769 1639 13 146 Groningen
1769 1910 5 31 —
1762 1974 22 50 3.3
1761 2125 6 25 Z.
1762 2341 24 50 0.5
1761 2567 26 30 +
1765 2630 22 47 4.7
1762 2781 19 145 betrokken
1768 3142 6 32 —

1735 1638 2 224 -Nieuwediep....
1736 1910 5 32 —
1729 1975 24 48 4.2
1729 2093 6 79 Z.t.O.
1729 2341 22 51 0.3
1740 2565 4 31 -f-
1731 2631 22 47 5.8
1736 2836 6 31 —
1730 3124 17 72 kalm

1703 1639 1 222 Maastricht.....
1703 1911 5 31 —
1697 1975 22 48 4.2
1696 2085 6 97 Z.Z.W.
1696 2376 24 9 1
1706 2614 4 33 —
1703 2833 6 32 —
1703 3143 5 32 —

1671 1642 13 142 Vlissingen
1670 1911 5 31 —
1664 1975 22 48 5.5
1664 2124 5 26 Z.
1664 2378 22 15 8
1674 2614 4 33 —
1664 2796 26 116 bewolkt
1670 3142 5 33 —

1631 1638 27 226 W.-Hartlepool.
1638 1959 5 30 —
1637 2119 6 32 —
1638 2359 5 32 —
1642 2614 2 33 —
1638 2837 5 32 —
1638 3143 5 32 —

1605 1639 21 143 Yarmouth
1605 1959 6 31 —
1605 2119 5 31 —
1605 2359 5 32 —
1607 2614 4 33 —
1606 2838 5 31 —
1605 3142 5 33 —

1572 1639 21 168 Portsmouth
1573 1961 5 31 —
1572 2119 5 32 —
1573 2359 4 32 —
1576 2614 4 33 —
1573 2839 5 31 —
1573 3142 4 33 —

1539 1639 22 139 Falmouth
1540 1961 2 431 _____
1543 2614 4 33 —
1540 2841 5 30 _
1540 3144 5 31 _

1507 1641 13 96 Nairne
1507 1962 5 31 —
1507 2119 5 32 —
1507 2359 4 32 —
1509 2614 5 34 —
1508 2841 5 31 —
1507 3145 5 32 —

1474 1642 13 116 Valentia
1475 1962 4 31 —
1474 2120 5 31 —
1474 2360 5 32 —
1478 2615 4 33 —
1475 2841 5 31 —
1475 3145 5 30 —

1436 1639 18 224 Northshields...
1442 1962 5 31 —
1442 2119 5 32 —
1442 2360 4 32 —
1443 2616 5 32 —
1443 2842 5 30 —
1442 3144 5 32 —

1408 1641 14 131 Penzance
1409 1961 5 32 —
1409 2120 5 31 —
1409 2361 2 31 —
1410 2616 5 32 —
1410 2841 4 31 —
1410 3146 5 30 —

1375 1641 14 86 Havre
1391 1871 14 6 '
1377 1912 5 32 —
1368 1977 25 47 7.2
1370 2126 5 26 Z.
1369 2304 18 64 ligte
1370 2382 19 67 bries
1370 2601 24 50 9.0
1371 2783 18 144 betrokken
1370 3065 18 159 zachtgolvei

1341 1641 24 77 Brest
1342 1872 28 4 !
1344 1912 5 31 —
1337 1978 22 43 5.1
1337 2073 5 120 W.N.W.
1337 2355 25 46 stil
1342 2569 5 26 -*■
1338 2634 24 47 8.6
1338 2815 18 89 mistig
1337 3142 27 45 hol

1307 1642 17 81 Parijs
1311 1872 21 5 I
1311 1913 5 31 —
1304 1977 22 17 5
1305 2009 22 15 5
1305 2085 4 97 Z.Z.W.
1304 2340 26 72 zwak
1299 2569 26 31 +
1305 2634 22 48 6.5
1305 2789 19 143 betrokken
1311 3149 5 31 —

1162 2171 90 51 !In
1234 2238 15 161 Nederland:
1233 2418 20 149 Groningen
1234 2588 24 48 2.2
1234 2654 6 61 mM.
1237 2734 4 154 Vlissingen.

1169 2190 18 33 In
1168 2239 26 46 het
1161 2302 24 103 geheel:
1176 2477 5 32 —
1173 2691 12 9 »
1178 2785 4 32 —

1131 1707 25 67 Doet
1130 1791 17 164 verwachten
1130 1970 18 106 zachten
1130 2093 5 87 Z.Z.O.
1130 2197 5 78 wind.

1174 3360 451 43 INGEZONDEN
1652 3358 359 41 STUKKEN.

1122 3490 79 25 lieejl
1217 3481 276 33 Amsterdam'helang
1509 3488 32 25 by
1551 3488 273 20 eenstoombootvaart
1834 3489 118 18 tusschen
1968 3489 52 18 Vlis-

1090 3524 89 24 singen
1195 3524 33 17 en
1245 3515 163 26 New-lorkt
1433 3514 21 25 is
1470 3521 60 18 eene
1548 3521 81 26 vraag
1646 3513 40 26 die
1713 3513 27 26 ik
1768 3513 185 39 herhaaldelijk
1982 3513 50 27 heb

1090 3547 96 30 hooren
1227 3555 124 30 opperen,
1378 3547 38 27 als
1456 3556 67 18 soms
1558 3547 30 26 «le
1630 3547 112 33 plannen
1783 3547 45 26 der
1874 3547 157 32 koninklijke

1089 3581 200 26 nederlandscbe
1320 3580 345 32 stoomboot-maatschappij
1698 3587 32 17 en
1765 3580 64 25 haar
1856 3579 104 33 leening
1991 3573 41 31 ter

1090 3614 90 32 sprake
1200 3613 125 26 kwamen.
1354 3612 116 33 Bepaald
1487 3612 164 26 ontkennend
1668 3612 70 26 werd
1756 3612 31 26 de
1800 3620 80 25 vraag
1897 3612 48 26 wel
1959 3612 73 26 nooit

1090 3646 181 31 beantwoord;
1298 3646 63 25 toch
1385 3645 73 25 bleek
1476 3645 43 31 mij
1540 3645 84 24 steeds
1641 3645 45 24 dat
1706 3645 45 24 het
1768 3646 90 34 groote
1874 3645 96 31 belang
1988 3645 34 24 dei-

1090 3678 63 26 zaak
1167 3678 69 32 juist
1251 3685 63 18 voor
1330 3684 61 19 onze
1409 3677 71 31 stad,
1505 3677 96 25 slechts
1617 3676 63 26 door
1704 3676 126 34 weinigen
1848 3676 71 26 werd
1936 3676 79 33 begre-

1090 3719 32 18 en
1142 3717 65 19 naar
1225 3710 102 26 waarde
1344 3710 115 33 geschat.

1123 3743 46 26 Dit
1187 3743 22 26 is
1228 3743 47 26 wel
1293 3743 106 26 hieraan
1417 3744 26 24 te
1461 3743 94 31 wijten,
1573 3741 46 26 dat
1635 3742 31 25 de
1683 3741 96 27 handel
1795 3742 120 25 tusschen
1932 3742 83 25 Neder-

1091 3775 63 27 land
1172 3783 31 18 en
1222 3775 120 26 Amerika
1361 3782 45 19 zoo
1424 3775 93 32 weinig
1535 3774 176 26 beteekenend
1731 3775 28 26 is.
1787 3774 35 27 Er
1841 3775 48 32 zijn
1900 3782 26 19 er
1935 3774 97 26 slechts

1091 3809 135 32 weinigen,
1245 3808 41 26 die
1302 3808 27 26 in
1346 3808 53 26 hun
1417 3808 94 32 bedrijf
1528 3807 170 34 bepaaldelijk
1721 3810 94 22 schade
1832 3808 92 32 lijden,
1944 3808 86 25 omdat

1091 3850 60 17 onze
1176 3841 187 33 gemeenschap
1389 3841 53 26 niet
1469 3841 31 25 de
1522 3840 157 33 Vereenigde
1700 3841 92 25 Staten
1809 3840 99 25 minder
1926 3840 66 32 goed
2009 3839 21 25 is

1090 3874 50 25 dan
1157 3874 39 25 die
1218 3874 32 32 bij
1271 3882 61 17 onze
1345 3874 92 31 buren;
1456 3880 59 19 men
1533 3873 71 26 voelt
1620 3873 45 25 het
1684 3873 79 31 gemis
1782 3873 53 24 niet
1852 3880 50 18 van
1911 3873 52 25 wat
1972 3880 58 18 men

1090 3907 71 25 nooit
1179 3906 100 32 gekend
1296 3906 87 31 heeft,
1401 3914 31 18 en
1450 3906 13 25 «1
1476 3915 5 7 ■
1500 3905 176 26 meerderheid
1694 3913 48 17 van
1762 3912 45 18 ons
1817 3904 214 34 handeldrijvend

1091 3939 111 32 publi'k.
1221 3939 85 25 omdat
1326 3938 44 27 het
1388 3938 76 26 dezen
1486 3938 91 25 handel
1596 3938 53 24 niet
1667 3938 69 25 kent.
1755 3938 69 30 geeft
1845 3937 56 26 zich
1913 3945 64 24 geen
1991 3945 26 17 re-

1090 3970 130 34 kenschap
1240 3979 47 18 van
1307 3971 31 26 de
1357 3978 100 19 enorme
1475 3969 168 32 uitbreiding,
1651 3977 133 20 waarvoor
1793 3970 35 34 hg
1838 3970 111 26 vatbaar
1956 3970 74 31 is;—

1091 4012 31 18 en
1144 4004 61 26 toch
1226 4004 31 26 de
1276 4005 123 25 welvaart
1417 4012 50 18 van
1485 4003 151 33 Liverpool,
1654 4004 85 25 Havre
1750 4023 5 7 .
1776 4004 109 24 Breinen
1903 4010 30 19 en
1950 4003 60 25 Ham-

1090 4038 67 31 burg
1178 4036 102 26 hebben
1300 4036 40 26 die
1359 4036 89 26 steden
1463 4036 181 33 grootendeels
1659 4036 26 25 te
1703 4036 100 24 «hinken
1821 4043 48 17 aan
1887 4035 63 26 hare
1965 4035 50 26 han-

1091 4069 164 26 delsi'elatiën
1273 4069 53 26 met
1351 4069 30 25 de
1400 4069 100 25 nieuwe
1517 4068 103 26 wereld.
1652 4068 110 33 Begeeft
1779 4075 17 18 n
1815 4068 144 31 daarheen,
1981 4068 51 24 ziet

1091 4102 30 25 de
1149 4102 92 25 drukte
1265 4108 30 19 en
1324 4102 133 31 beweging
1479 4101 40 25 die
1547 4108 27 18 er
1593 4101 155 30 heerschen,
1776 4101 50 24 dan
1844 4101 69 25 eerst
1929 4100 56 25 zult
2000 4108 31 25 ge

1090 4142 17 18 u
1124 4143 45 17 een
1188 4134 141 26 denkbeeld
1348 4134 103 25 kunnen
1468 4134 93 25 maken
1577 4141 50 17 van
1645 4133 47 25 den
1711 4141 110 24 omvang
1838 4141 50 17 van
1904 4141 47 17 een
1968 4133 47 25 han-

1091 4167 58 30 del,
1175 4167 40 25 die
1240 4167 86 25 telken
1351 4167 60 32 jaar
1427 4167 26 24 in
1470 4165 208 32 uitgebreidheid
1696 4159 145 37 toeneemt,
1859 4173 31 18 en
1906 4165 73 26 reeds
1996 4173 34 18 nu

1091 4208 69 17 meer
1178 4191 132 41 kapitalen
1326 4193 32 32 cii
1376 4199 196 25 werkkrachten
1590 4199 76 28 bezit,
1681 4199 50 24 dan
1750 4199 59 24 dien
1826 4199 53 24 met
1897 4199 45 22 het
1958 4206 72 17 verre

1091 4233 104 25 Oosten,
1213 4232 98 25 waarin
1328 4232 39 30 wij
1382 4231 85 25 steeds
1476 4231 155 25 uitsluitend
1639 4238 46 17 ons
1695 4230 120 26 eldorado
1826 4230 93 32 blijven
1929 4230 102 25 zoeken.

1127 4264 110 28 Welnu,
1270 4264 31 25 de
1322 4271 116 26 opgaven
1463 4272 48 17 van
1535 4263 215 26 onderscheidene
1774 4263 141 25 brochures
1931 4271 31 17 en
1984 4270 31 21 ge-

1095 4297 128 25 schriften
1248 4297 102 25 hebben
1368 4297 44 24 bet
1430 4296 123 32 duidelijk
1569 4294 162 33 aangetoond
1756 4294 31 25 de
1804 4293 103 34 ligging
1922 4303 50 17 van
1980 4294 35 26 Ne-

1090 4320 115 34 derland
1230 4329 21 25 is
1276 4329 149 25 uitnemend
1450 4328 118 38 geschikt
1596 4336 41 18 om
1659 4336 45 17 ons
1722 4336 46 17 een
1785 4328 67 25 ruim
1870 4328 57 24 deel
1942 4328 27 25 in
1985 4328 46 25 dat

1093 4362 107 25 verkeer
1224 4362 26 25 te
1274 4362 65 25 doen
1364 4362 154 31 verkrijgen.
1544 4361 53 25 Het
1613 4359 89 33 eenige
1720 4362 53 22 wat
1789 4361 40 31 wij
1841 4359 146 30 behoeven,
2007 4359 25 25 is

1091 4401 59 18 eene
1168 4394 132 26 versneld.!
1318 4394 184 33 gemeenschap
1521 4401 40 17 om
1579 4401 51 17 van
1645 4391 32 25 de
1698 4391 151 26 voordcelen
1867 4391 54 25 dier
1931 4391 100 33 ligging

1091 4427 76 32 partij
1186 4427 26 25 te
1230 4427 124 30 trekken,
1372 4434 31 18 en
1413 4426 79 26 onder
1500 4426 31 26 de
1548 4424 90 26 steden
1646 4433 50 18 van
1706 4433 46 18 ons
1761 4424 139 26 vaderland
1909 4423 40 26 die
1958 4424 59 26 daar-

1091 4467 48 17 van
1167 4459 31 26 de
1224 4459 128 26 vruchten
1378 4459 98 25 zouden
1501 4459 128 32 plukken,
1646 4457 39 25 zal
1706 4457 163 26 Amsterdam
1886 4457 74 25 zeker
1978 4456 53 26 niet

1094 4492 31 22 de
1143 4491 201 26 m__tbedee.de
1361 4492 57 30 zijn.
1444 4489 71 26 Daar
1533 4491 60 24 toch
1610 4491 50 31 zijn
1678 4489 31 25 de
1726 4491 97 25 meeste
1830 4488 133 33 kapitalen
1969 4496 47 19 aan-

1096 4522 86 34 wezig,
1202 4531 119 18 evenzeer
1339 4522 31 26 de
1388 4531 89 17 zenuw
1493 4531 48 17 van
1560 4522 48 26 den
1626 4521 94 26 handel
1742 4522 38 25 als
1798 4531 48 17 van
1864 4521 50 26 den
1933 4521 97 32 oorlog,

1096 4564 31 15 en
1146 4557 86 22 vooral
1251 4554 145 26 onmisbaar
1413 4556 33 31 bij
1465 4564 46 15 een
1528 4556 94 24 handel
1639 4556 38 24 als
1697 4554 40 24 die
1754 4561 32 26 op
1804 4554 129 30 Amerika,
1950 4561 65 17 waar-

1098 4594 60 17 voor
1178 4596 51 24 nog
1247 4587 89 26 immer
1357 4587 43 26 liet
1419 4587 115 33 kapitaal
1551 4589 67 25 moet
1635 4586 120 32 geleverd
1772 4586 112 31 worden,
1902 4586 64 26 door
1981 4586 51 26 den

1091 4620 126 31 koopman
1237 4630 50 15 aan
1305 4620 59 26 deze
1382 4620 63 32 zijde
1463 4629 48 17 van
1530 4620 50 25 den
1597 4619 107 28 Oceaan.

1124 4652 38 24 En
1180 4652 45 25 dat
1241 4652 107 25 verkeer
1365 4652 122 25 tusschen
1505 4651 72 27 beide
1598 4650 182 27 werelddeelen
1796 4651 74 26 reeds
1887 4659 34 17 nu
1932 4659 46 17 zoo
1988 4650 28 25 be-

1091 4683 126 32 langrijk,
1234 4684 40 26 zal
1291 4684 56 25 zich
1365 4691 52 26 nog
1436 4693 31 25 op
1485 4684 148 31 ongekende
1652 4684 70 33 wijze
1739 4683 92 26 verder
1847 4682 183 27 ontwikkelen.

1091 4716 31 25 In
1147 4716 31 25 de
1200 4717 158 32 Vi-reenigde
1376 4711 93 31 Staten
1486 4717 103 24 worden
1606 4717 78 25 thans
1701 4717 30 24 de
1741 4716 146 32 beginselen
1906 4724 48 17 van
1972 4716 47 31 vrij-

1091 4756 32 18 en
1160 4748 93 27 bandel
1287 4748 64 27 door
1376 4749 31 26 de
1431 4748 190 27 hoofdmannen
1642 4757 50 17 van
1709 4749 50 25 alle
1778 4748 109 38 partijen
1903 4748 70 26 luide
1989 4755 28 26 ge-

1091 4781 116 32 predikt;
1233 4783 86 24 overal
1345 4782 92 25 vinden
1463 4782 31 31 zij
1517 4782 113 32 ingang,
1655 4781 109 25 behalve
1781 4789 27 17 in
1826 4781 87 31 eenige
1933 4780 81 26 noord-

1091 4814 132 37 oostelijke
1256 4815 103 30 staten,
1384 4814 61 26 wier
1479 4814 125 26 welvaart
1639 4821 33 25 op
1706 4812 129 34 protcktie
1870 4813 104 30 steunt,
2000 4820 32 18 en

1091 4846 46 25 het
1172 4846 58 32 lijdt
1265 4856 65 22 geen
1362 4846 107 33 twijfel,
1495 4846 33 31 of,
1547 4846 33 33 bij
1606 4846 46 25 het
1677 4845 125 34 dagelijks
1828 4845 105 33 grooter
1963 4852 51 18 wor-

1091 4878 83 27 dende
1199 4879 128 33 gewicht,
1352 4879 46 26 dat
1411 4879 31 25 de
1459 4872 116 33 midden-
1592 4887 30 17 en
1637 4879 181 25 westerstaten
1843 4877 26 27 in
1896 4878 32 26 de
1944 4877 87 27 schaal

1093 4911 110 34 leggen,
1237 4912 51 25 kan
1320 4911 31 26 de
1385 4911 135 35 zegepraal
1554 4912 46 24 der
1633 4911 150 32 vrijzinnige
1815 4910 201 33 handelsbegrip-

1091 4954 47 24 pen
1168 4945 72 25 reeds
1266 4955 34 15 nu
1326 4945 38 24 als
1390 4945 137 25 verzekerd
1553 4944 155 25 beschouwd
1734 4943 111 26 worden.
1880 4945 66 24 Over
1972 4943 45 25 wei-

1090 4977 63 32 nige
1179 4977 92 32 jaren,
1298 4977 115 25 wellicht
1439 4984 107 24 vroeger
1571 4983 67 25 nog,
1663 4975 137 26 misschien
1824 4982 52 26 nog
1900 4982 63 18 voor
1985 4975 47 25 het

1094 5009 83 26 eerste
1211 5009 202 26 nederlandscbe
1453 5008 157 38 stoomschip
1643 5016 50 17 van
1726 5008 148 32 Vlissingen
1898 5008 132 27 vertrekt,

1091 5042 84 25 zullen
1194 5042 31 25 de
1244 5042 116 25 tarieven
1377 5041 48 26 den
1442 5042 113 37 toegang
1574 5041 56 26 met
1646 5047 71 20 meer
1734 5041 94 26 sluiten
1848 5047 63 20 voor
1930 5041 102 25 zooveel

1091 5075 144 32 produkten
1264 5074 46 26 der
1335 5074 155 33 europeseke
1514 5073 158 33 nijverheid,
1697 5073 40 26 die
1763 5074 78 25 thans
1865 5073 84 26 alleen
1969 5073 64 26 door

1090 5107 163 25 exorbitante
1261 5107 106 26 rechten
1384 5107 104 25 wordon
1504 5106 125 32 geweerd.
1655 5106 70 25 Voor
1741 5106 30 26 de
1779 5105 254 27 fabrieksdistrikten

1090 5147 50 17 van
1156 5139 184 30 Zwitserland,
1357 5138 269 33 Zuid-DuitschlandJ
1642 5138 50 26 den
1708 5138 89 30 Elzas,
1824 5138 159 31 Westfalen,
2000 5145 32 19 en

1091 5172 39 32 wij
1156 5171 85 33 hopen
1266 5172 50 25 ook
1342 5180 50 17 van
1411 5172 164 30 Nederland,
1600 5171 40 26 zal
1657 5171 51 26 dan
1724 5178 46 19 een
1788 5171 102 33 tijdstip
1906 5178 51 19 van
1975 5178 43 19 ver-

1091 5204 104 26 nieuwd
1214 5204 73 26 leven
1303 5204 113 33 geboren
1434 5204 110 27 worden,
1561 5211 32 18 en
1611 5204 25 25 al
1654 5203 40 26 die
1711 5204 96 32 nijvere
1824 5202 104 27 streken
1945 5204 85 26 zullen

1091 5243 64 19 voor
1172 5244 46 18 ons
1235 5236 76 31 land,
1331 5244 63 18 voor
1411 5245 60 17 onze
1489 5236 59 26 stad
1566 5236 103 26 kunnen
1687 5236 118 30 worden,
1831 5236 53 26 wat
1900 5236 115 33 Birming-

1093 5269 60 26 ham
1169 5278 32 15 en
1219 5269 167 26 Manchester
1401 5277 63 18 voor
1488 5269 133 31 Liverpool
1639 5269 112 32 geweest
1770 5269 58 31 zijn,
1847 5269 31 25 de
1893 5269 137 32 krachtige

1091 5302 76 25 steun
1185 5308 50 18 van
1251 5301 65 25 haar
1332 5301 104 25 handel.

1127 5333 28 25 Ik
1174 5333 107 25 herhaal
1300 5334 45 24 het
1364 5331 150 32 nogmaals,
1533 5333 30 24 «le
1581 5331 185 31 betrekkelijke
1787 5333 243 30 onverschilligheid

1091 5363 45 28 der
1161 5365 138 25 hoofdstad
1323 5372 63 17 voor
1411 5365 28 24 de
1462 5362 109 33 plannen
1592 5363 45 26 der
1654 5363 158 32 koninklijke
1830 5363 201 26 nederlandscho

1091 5396 352 33 stoomboot-maatschappij,
1462 5404 21 18 is
1501 5395 47 27 wel
1567 5395 188 32 hoofdzakelijk
1773 5395 25 27 te
1818 5396 87 32 wijten
1920 5405 50 18 aan
1984 5405 31 18 on-

1091 5430 163 26 bekendheid
1270 5431 54 24 met
1341 5431 52 24 wat
1410 5430 31 25 de
1459 5428 94 26 handel
1573 5437 32 24 op
1622 5430 122 24 Amerika
1761 5430 21 24 is
1800 5438 31 15 en
1848 5430 104 24 worden
1971 5430 58 25 kan.

1124 5461 74 25 Maar
1226 5470 28 17 er
1279 5461 21 25 is
1322 5470 51 24 nog
1390 5470 60 15 eene
1468 5460 93 25 andere
1579 5460 184 31 beschouwing
1780 5460 40 25 dio
1837 5460 72 25 mede
1926 5460 104 26 storend

1091 5492 118 59 fewerkt
1227 5493 86 28 heeft,
1332 5503 32 15 en
1383 5493 47 25 wel
1447 5502 61 17 eene
1520 5500 57 18 zeer
1587 5492 194 38 kleingeestige.
1802 5492 135 26 «Waarom
1945 5493 85 25 zullen

1111 5536 13 15 e
1150 5528 111 31 schepen
1289 5526 56 25 niet
1369 5535 48 17 van
1443 5526 46 24 het
1508 5525 105 26 Nieuwe
1631 5524 65 34 Diep
1851 5524 50 26 heb
1918 5525 27 25 ik
1961 5533 70 18 meer

1093 5558 51 25 dan
1160 5567 61 15 eens
1240 5558 97 25 hooren
1357 5564 118 27 opperen.
1501 5550 53 32 Het
1571 5557 30 31 is,
1617 5557 39 25 als
1672 5563 47 19 zou
1737 5564 58 18 men
1815 5556 51 26 dan
1883 5564 50 18 aan
1944 5557 30 26 de
1984 5557 46 33 lijn

1091 5600 45 17 een
1162 5598 69 18 meer
1258 5589 210 30 Amsterdamsch
1494 5590 125 26 karakter
1645 5589 144 32 toegekend
1818 5589 109 27 hebben.
1963 5585 54 30 Vlis-

1091 5624 91 31 singen
1209 5623 24 26 is
1257 5631 46 17 zoo
1328 5623 136 31 zuidelijk,
1481 5636 32 5 —
1537 5630 59 17 men
1613 5622 20 25 is
1651 5621 56 26 hier
1724 5622 74 32 altijd
1815 5630 46 17 (-en
1880 5622 93 33 weinig
1989 5623 28 31 ja-

1091 5655 99 26 loersch
1207 5663 50 18 van
1277 5655 64 26 »den
1463 5669 32 4 —
1512 5654 103 27 zooveel
1632 5654 103 26 dichter
1750 5654 35 33 bij
1809 5654 154 27 Rotterdam
1980 5654 51 27 dan

1091 5689 34 32 bij
1144 5688 178 26 Amsterdam!
1343 5689 30 25 Ik
1390 5688 102 26 wensch
1509 5688 89 32 hierop
1615 5688 26 24 te
1659 5687 181 26 antwoorden:

1126 5721 31 26 I°.
1182 5721 53 25 Dat
1260 5721 31 25 de
1307 5721 58 25 kon.
1384 5721 96 26 nederl.
1498 5720 344 32 stoomboot-maatschappij
1859 5720 85 25 steeds
1959 5720 71 25 heeft

1094 5753 154 30 verklaard,
1274 5754 45 26 dat
1345 5754 30 32 zij
1393 5754 39 25 als
1457 5753 188 32 uitgangspunt
1662 5752 31 26 de
1709 5752 126 26 voorkeur
1852 5752 79 27 zoude
1948 5761 83 24 geven

1090 5796 51 15 aan
1159 5796 46 17 een
1222 5796 77 17 onzer
1316 5789 91 32 groote
1424 5785 215 32 handelssteden,
1656 5785 87 25 indien
1757 5786 31 32 zij
1806 5785 96 26 slechts
1918 5793 63 18 voor
1998 5785 31 25 de

1090 5820 92 31 groote
1209 5819 110 32 schepen
1338 5819 172 31 toegankelijk
1530 5826 84 17 waren
1626 5838 5 6 .
1648 5826 31 17 en
1697 5818 45 25 dat
1759 5826 58 17 men
1837 5818 47 25 dus
1900 5818 52 25 kan
1968 5825 46 18 ver-

1093 5852 118 25 wachten
1221 5872 5 8 ,
1252 5851 61 31 dat,
1336 5851 93 25 zoodra
1447 5859 63 17 onze
1526 5851 99 24 nieuwe
1642 5851 138 32 waterweg
1795 5850 93 32 gereed
1906 5850 39 25 zal
1964 5850 64 32 zijn,

1089 5893 32 17 en
1139 5884 39 25 dit
1195 5884 39 26 zal
1253 5883 197 33 waarschijnlijk
1469 5883 45 26 het
1531 5883 76 31 geval
1623 5882 50 32 zijn
1690 5883 61 31 lang
1769 5882 107 26 voordat
1893 5882 122 27 derotter-

1088 5916 120 26 damsche
1234 5917 158 25 bevaarbaar
1417 5911 30 34 is,
1465 5916 46 25 dat
1528 5915 50 26 dan
1596 5915 31 26 de
1644 5915 184 32 maatschappij
1847 5915 56 26 zich
1919 5915 109 26 haasten

1088 5949 56 28 zal,
1160 5949 65 25 haar
1241 5949 46 32 lijn
1305 5956 64 18 naar
1384 5948 164 26 Amsterdam
1565 5948 27 25 te
1607 5947 145 33 verleggen.

1172 5981 54 27 Dat
1241 5975 111 38 zoolang
1368 5988 28 18 er
1413 5989 46 17 een
1476 5980 148 26 voorhaven
1641 5980 51 32 zijn
1698 5980 78 28 moet,
1787 5980 45 25 het
1841 5986 60 20 voor
1911 5980 100 26 Amster-

1085 6012 59 26 dam
1169 6013 46 33 vrij
1244 6012 183 33 onverschillig
1444 6014 20 25 is
1482 6013 28 26 of
1526 6012 40 26 die
1584 6013 145 25 voorhaven
1748 6012 146 33 Vlissingen
1913 6012 50 26 dan
1978 6012 50 25 wel

1090 6045 164 32 Nieiiwediep
1280 6046 66 30 heet,
1372 6046 46 26 dat
1435 6046 40 25 die
1493 6046 146 25 voorhaven
1657 6045 39 26 als
1711 6045 32 25 de
1761 6045 80 25 meest
1850 6045 177 32 wenschelijke

1087 6077 70 24 moet
1174 6077 152 27 beschouwd
1344 6078 118 27 worden,
1481 6078 40 26 die
1532 6078 45 26 het
1587 6078 79 26 meest
1676 6077 118 32 geschikt
1804 6077 21 25 is
1833 6084 60 18 voor
1903 6077 30 26 de
1943 6077 85 25 dienst

1087 6116 31 17 en
1137 6109 45 24 dat
1200 6110 28 24 de
1248 6110 99 32 ligging
1365 6118 47 18 van
1431 6110 146 32 Vhssingen
1598 6110 26 26 iv
1642 6110 39 25 dit
1698 6110 104 32 opzicht
1809 6109 57 26 vele
1874 6110 152 25 voordcelen

1087 6138 128 37 oplevert,
1233 6143 86 22 vooral
1337 6149 61 19 voor
1416 6143 48 26 den
1482 6150 111 18 aanvoer
1612 6150 48 18 van
1675 6141 352 34 transito-goederen,boven

1087 6170 40 26 die
1144 6172 80 24 meest
1241 6172 135 32 afgelegen
1391 6175 67 25 hoek
1476 6183 50 18 van
1544 6183 45 18 ons
1605 6175 77 32 land,
1701 6175 59 26 dien
1776 6182 59 18 men
1852 6175 46 26 het
1907 6175 103 25 Nicuwe-

1087 6202 61 32 diep
1165 6204 96 22 noemt.

1117 6239 17 22 3
1147 6256 5 4 .
1176 6235 61 31 Dat,
1253 6235 66 32 juist
1336 6236 89 26 omdat
1440 6237 31 26 de
1488 6239 71 25 beste
1577 6240 84 26 haven
1680 6247 64 19 voor
1760 6240 30 25 de
1817 6239 209 26 amerikaansche

1085 6267 45 33 lijn
1154 6267 102 26 zooveel
1273 6267 100 26 dichter
1391 6268 33 31 bij
1443 6270 152 26 Rotterdam
1613 6272 48 26 dan
1681 6273 33 31 bij
1733 6272 164 26 Amsterdam
1917 6270 107 32 gelegen

1085 6300 39 27 is,
1152 6300 45 25 In-t
1224 6307 60 18 voor
1310 6300 30 24 de
1359 6299 135 28 hoofdstad
1515 6312 46 15 van
1580 6304 46 24 het
1644 6307 110 28 grootste
1774 6305 92 28 belang
1884 6298 92 34 is,'dat
1993 6302 32 25 de

1087 6334 73 24 vaart
1179 6333 24 25 in
1221 6332 31 26 de
1271 6332 99 25 banden
1391 6332 71 26 kom.'
1482 6343 46 15 van
1547 6333 30 26 de
1594 6335 58 25 kon.
1672 6335 94 25 nederl.
1785 6334 226 28 stoomboot-maat-

1085 6364 113 35 schappij
1218 6373 31 17 eu
1269 6372 47 18 van
1336 6372 77 22 geene
1430 6364 100 27 andere.
1548 6367 35 30 Zij
1606 6367 71 25 heeft
1694 6370 26 21 te
1739 6369 97 25 kennen
1848 6377 122 21 gegeven,
1980 6369 46 24 dat

1085 6397 109 35 zoolang
1211 6398 31 32 zij
1261 6405 47 18 van
1332 6397 144 31 Vlissingen
1493 6397 39 25 zal
1552 6405 83 21 varen,
1652 6399 31 31 zij
1702 6406 61 18 voor
1782 6400 61 24 hare
1854 6399 123 33 rekening
1985 6400 39 25 zal

1085 6439 91 18 nemen
1195 6431 45 26 het
1259 6430 204 26 binnenvervoer
1480 6437 63 19 naar
1558 6430 172 33 Amsterdam,
1739 6423 163 39 Rotterdam,
1909 6431 99 28 Middel-

1085 6464 66 35 burg
1169 6474 32 17 en
1218 6464 155 26 Dordrecht.
1407 6462 162 26 Amsterdam
1598 6462 47 26 dus
1662 6464 40 25 zal
1719 6464 54 25 niet
1792 6463 178 34 achterliggen
1990 6465 34 32 bij

1085 6498 40 25 die
1143 6498 94 25 andere
1259 6497 97 25 steden.
1384 6495 61 26 Wat
1467 6502 48 19 zou
1530 6502 59 18 men
1606 6495 26 25 in
1650 6495 59 26 dien
1727 6497 71 28 geest
1815 6497 26 24 te
1861 6497 163 26 verwachten

1084 6530 118 30 hebben,
1228 6530 86 26 indien
1341 6530 32 26 de
1389 6528 130 35 pogingen
1535 6527 45 26 der
1599 6528 184 32 maatschappij
1802 6536 59 18 eens
1877 6529 148 31 mislukten,

1085 6573 30 15 en
1143 6562 30 27 de
1192 6566 76 22 vaart
1286 6563 67 25 werd
1372 6563 67 25 later
1456 6562 41 25 tot
1515 6560 77 26 stand
1610 6560 110 32 gebragt
1737 6560 63 26 door
1818 6561 31 25 de
1865 6563 144 24 rolterdam-

1085 6595 58 26 sche
1162 6595 174 31 kombinatie,
1361 6595 40 26 die
1422 6595 56 27 zich
1502 6593 73 28 reeds
1594 6593 124 32 gevormd
1735 6593 86 31 heeft,
1840 6593 27 26 of
1881 6594 64 27 door
1964 6601 61 19 eene

1085 6627 132 37 engelsche
1247 6630 201 32 maatschappij,
1467 6630 40 25 die
1526 6637 58 18 men
1602 6625 129 28 beweert,
1748 6625 45 26 dat
1813 6626 30 26 de
1861 6627 59 26 heer
1938 6627 34 25 M.
1994 6626 31 25 11.

1088 6657 93 28 Jansen
1202 6663 38 24 uit
1261 6663 231 24 vaderlandsliefde
1512 6663 33 28 (?)
1566 6660 86 25 tracht
1675 6659 25 25 in
1726 6659 45 25 het
1789 6659 71 25 leven
1879 6661 25 22 te
1922 6666 103 24 roepen,

1085 6692 26 26 in
1131 6691 182 35 tegenstelling
1332 6702 47 18 van
1398 6693 30 25 de
1447 6693 63 26 door
1526 6693 58 26 hem
1602 6691 156 35 afgekeurde
1778 6691 110 33 plannen
1906 6691 45 26 der
1969 6689 56 28 hier

1093 6723 149 31 gevestigde
1261 6725 189 38 maatschappij.

1082 6755 56 27 Een
1155 6763 61 26 paar
1234 6756 116 27 millioen
1367 6758 50 32 zijn
1433 6767 27 17 er
1482 6756 97 27 slechts
1596 6765 52 25 nog
1665 6756 156 34 benoodigd.
1856 6756 104 27 Zouden
1981 6754 43 27 die

1083 6788 54 27 niet
1155 6788 209 37 bijeengebracht
1381 6785 105 34 kunnen
1502 6790 104 30 worden
1622 6790 27 30 in
1665 6790 60 28 deze
1743 6790 66 34 stad,
1826 6797 74 22 waar
1917 6796 60 21 men
1994 6788 31 28 de

2068 123 149 30 mlllioenen
2232 123 34 37 bij
2284 122 138 30 tientallen
2448 130 31 20 en
2498 129 65 21 soms
2583 119 34 38 bij
2637 119 197 30 honderdtallen
2852 119 51 26 ziet
2921 113 66 38 opko-

2067 165 66 27 men,
2151 158 93 28 zoodra
2257 152 32 33 'er
2304 157 97 28 slechts
2419 156 91 35 sprake
2526 155 22 28 is
2564 164 51 20 van
2627 155 47 28 den
2687 164 46 19 een
2745 155 28 28 of
2787 152 112 30 anderen
2916 156 73 28 spoor-

2067 200 57 26 weg
2133 213 6 11 ,
2159 194 107 30 gelegen
2283 201 58 17 men
2359 193 65 25 weet
2440 189 54 27 niet
2504 190 73 25 recht
2595 197 77 22 waar,
2683 189 120 25 tusschen
2815 194 46 18 een
2878 191 64 25 paar
2959 190 31 18 on-

2067 223 115 27 bekende
2194 224 124 33 plaatsen,
2336 223 61 26 wier
2414 222 170 27 barbaarsche
2597 227 90 21 mimen
2707 228 57 18 men
2777 216 152 35 gewoonlijk
2943 221 63 19 voor

2068 257 45 26 het
2132 259 67 24 eerst
2217 257 39 25 uit
2267 256 50 26 den
2334 256 149 33 prospectus
2499 255 138 26 verneemt!
2659 254 50 27 Het
2727 254 21 24 is
2767 260 76 21 waar,
2861 249 40 27 die
2917 255 73 31 spoor-

2070 288 209 33 weg-leeningen
2306 288 102 27 worden
2431 286 80 27 veelal
2529 286 60 26 door
2606 283 213 30 buitenlandsche
2839 287 164 28 regeeringen

2068 321 193 33 gewaarborgd,
2278 330 31 18 en
2330 330 45 18 ons
2393 319 262 33 renteniers-publiek
2665 319 21 25 is
2694 318 97 26 slechts
2803 315 47 26 dan
2862 314 96 32 gerust,
2967 313 39 24 als

2068 356 46 25 het
2124 363 61 18 voor
2194 354 119 26 debiteur
2322 354 48 26 den
2381 361 45 18 een
2437 353 27 22 of
2472 352 107 24 anderen
2591 351 122 26 monarch
2720 348 79 30 heeft,
2811 347 90 25 keizer,
2911 346 93 24 sultan,

2068 387 28 25 of
2112 386 116 30 khedive,
2244 387 91 32 groote
2344 386 93 26 heeren
2447 384 61 25 wier
2519 384 119 25 linantiën
2650 384 44 26 het
2707 380 92 32 weinig
2809 380 51 24 kan
2870 378 119 26 beoorde-

2068 419 50 27 len,
2127 429 31 17 en
2177 419 40 26 die
2226 419 45 26 het
2283 419 109 26 nimmer
2402 418 41 25 tot
2459 416 139 31 nakoming
2615 417 45 26 der
2674 422 148 26 aangegane
2831 411 176 26 verbiudteiiis

2068 452 52 25 kan
2130 451 167 33 verplichten.
2322 451 57 26 Aan
2389 451 86 25 hunne
2493 448 142 31 obligatien
2652 448 71 33 geeft
2740 454 58 19 men
2810 451 73 18 verre
2893 443 30 24 de
2935 448 58 18 voor-

2068 484 65 26 keur
2159 484 81 26 boven
2267 484 40 26 die
2324 493 50 17 van
2392 483 30 25 de
2440 482 79 25 meest
2537 482 79 26 solide
2631 478 234 32 maatschappijen,
2884 476 123 25 wonende

2068 517 27 26 in
2115 524 46 18 ons
2183 517 102 25 midden
2296 536 5 7 .
2321 517 60 25 «vier
2398 513 165 27 bestuurders
2581 515 38 31 wij
2636 515 117 24 kennen.
2772 510 61 25 wier
2852 509 155 28 geldclijken

2069 549 120 25 toestand
2218 549 39 31 wij
2277 549 104 25 kunnen
2399 546 189 30 onderzoeken,
2606 554 31 19 en
2655 547 39 25 die
2712 543 58 32 wij,
2789 540 74 32 mogt
2877 540 51 25 ook
2944 540 51 24 haai-

2069 582 31 25 de
2120 582 53 25 lust
2190 575 60 32 eens'
2265 581 149 32 bekruipen,
2433 586 41 18 om
2492 586 58 18 eene
2570 574 242 38 couponsbelasting
2831 580 24 18 in
2871 573 25 24 te
2914 576 93 22 voeren

2069 614 30 26 of
2113 621 41 18 om
2172 621 59 18 eene
2250 611 234 28 reiiten-conversie
2502 611 193 33 uitteschrijven
2714 608 28 26 of
2753 615 40 18 om
2806 613 45 17 ons
2861 605 51 24 niet
2922 611 71 24 eigen-

2069 646 123 33 gemaakt
2209 645 181 33 papierengeld
2406 645 27 24 te
2450 641 111 31 betalen,
2577 643 118 27 terstond
2712 647 63 20 voor
2791 638 50 25 den
2857 637 137 24 nederland-

2069 678 78 27 schen
2165 669 86 44 regier
2268 678 98 26 zouden
2382 683 102 25 roepen,
2502 683 41 18 om
2562 676 61 26 haar
2642 676 39 25 die
2700 673 112 26 kunsten
2830 674 63 19 voor
2909 669 65 32 goed
2982 669 26 24 at

2070 712 27 24 te
2114 710 93 26 leeren.

2104 742 76 26 Maar
2194 743 31 24 de
2244 742 115 26 waanzin
2374 749 51 18 van
2459 746 46 19 ons
2522 739 58 26 volk
2597 749 32 25 op
2646 739 39 26 dit
2702 737 73 34 punt,
2787 750 31 2 —
2829 741 46 18 een
2888 738 122 22 waanzin,

2073 775 54 28 die,
2146 774 26 25 ik
2190 782 84 22 vrees,
2291 775 45 25 het
2355 775 67 25 later
2440 771 65 26 duur
2523 781 98 22 genoeg
2637 774 39 24 zal
2695 774 25 24 te
2740 771 73 24 staan
2831 765 91 25 komen
2941 778 30 4 —
2987 771 22 18 is

2073 807 60 24 toch
2151 807 54 24 niet
2222 815 44 17 zoo
2283 804 177 30 aanhoudend,
2479 804 45 25 dat
2543 804 33 32 bij
2594 806 54 25 niet
2666 811 66 19 soms
2750 800 84 35 plaats
2848 797 89 25 maakt
2948 803 61 18 voor

2074 836 188 34 oogonblikken
2281 847 47 18 van
2348 836 98 35 gezond
2465 836 126 27 verstand.
2617 836 94 35 Mogen
2731 834 28 28 de
2779 833 83 31 dagen
2878 836 51 19 van
2947 830 14 25 4
2979 836 31 18 en

2074 875 14 21 5
2106 866 117 30 'Januari
2246 873 41 24 tot
2315 872 40 25 die
2381 869 83 27 lucide
2491 869 187 31 oogenblikken
2699 865 146 31 behooren!
2871 862 77 31 Moge
2966 862 45 24 het

2074 901 201 28 amsterdamsch
2301 904 105 33 publiek
2432 901 61 27 door
2517 901 79 27 ruime
2622 899 163 32 deelneming
2810 904 26 19 in
2854 895 31 25 de
2902 901 93 26 openge-

2074 935 81 26 stelde
2180 937 103 32 leening
2308 938 112 28 toonen,
2446 934 46 26 dat
2515 934 47 26 het
2582 934 31 26 de
2634 943 81 25 oogen
2733 928 54 32 niet
2805 928 63 26 sluit
2885 934 63 18 voor
2965 934 46 18 een

2075 970 117 32 waarlijk
2207 969 202 26 amsterdamsch
2425 967 102 32 belang.

2205 1083 63 26 Aan
2284 1084 32 24 de
2334 1082 144 26 Redaklic!
2875 1107 14 5 ..
2986 1104 14 6 ..

2108 1114 58 28 Ook
2181 1115 34 30 ik,
2233 1116 77 32 mijne
2329 1115 100 28 heeren,
2447 1111 106 27 verzoek
2570 1121 52 26 nog
2640 1121 59 18 eens
2715 1117 63 19 voor
2790 1108 39 27 dit
2845 1108 64 32 mijn
2926 1108 76 30 schrij-

2076 1156 50 18 ven
2143 1156 47 17 een
2206 1149 84 32 plaats
2307 1149 27 24 in
2350 1156 43 15 uw
2409 1146 161 32 veelgelezen
2587 1146 72 30 blad,
2676 1148 41 22 ter
2734 1140 214 31 beantwoording
2965 1146 48 17 van

2076 1180 46 26 het
2138 1181 93 26 laatste
2250 1181 129 33 schrijven
2396 1187 50 18 van
2469 1172 50 32 den
2535 1178 61 26 heer
2611 1179 24 26 J.
2655 1178 100 31 Schaap
2772 1175 56 30 Hz.,
2854 1172 61 26 dato
2933 1175 15 21 9
2963 1172 34 25 De-

2075 1213 103 26 cember
2192 1214 37 24 1.1.
2961 1234 8 13 ,
3002 1234 7 11 ,

2107 1246 33 25 Ik
2157 1246 52 26 had
2225 1253 50 18 van
2293 1245 50 26 den
2359 1245 61 26 heer
2439 1243 99 33 Schaap
2556 1241 142 32 verwacht,
2721 1241 59 30 dat,
2805 1239 86 26 indien
2909 1239 34 31 hij
2962 1239 52 21 lust

2075 1279 138 31 gevoelde,
2231 1279 64 32 mijn
2311 1279 83 25 eerste
2411 1276 126 33 schrijven
2555 1276 26 25 te
2598 1273 200 28 beantwoorden
2816 1280 31 18 en
2865 1279 45 19 zoo
2929 1277 69 24 moge-

2074 1302 46 41 lijk
2138 1312 27 25 te
2181 1311 169 33 weerleggen,
2368 1310 35 30 hij
2422 1309 50 25 dan
2484 1317 32 24 op
2528 1306 79 34 goede
2623 1306 117 33 gronden
2757 1312 47 18 zou
2822 1303 122 34 getracht
2952 1302 47 24 heb-

2075 1343 48 26 ben
2143 1352 48 17 aan
2209 1345 26 22 te
2252 1345 110 26 toonen,
2386 1342 46 26 dat
2447 1341 77 31 mijne
2541 1339 98 32 gedane
2656 1338 209 33 proefnemingen
2883 1338 52 24 niet
2953 1333 63 32 goed

2074 1384 89 18 waren
2179 1377 115 31 gedaan,
2311 1375 28 25 of
2355 1375 61 25 door
2433 1371 222 35 proefnemingen,
2673 1378 51 18 van
2741 1370 64 31 zijne
2824 1368 64 32 zijde
2907 1367 106 31 gedaan.

2074 1408 53 26 had
2144 1408 122 34 getracht
2283 1415 50 19 aan
2348 1407 47 26 het
2412 1406 67 26 licht
2494 1407 25 24 te
2537 1400 109 35 stellen,
2673 1403 46 25 dat
2744 1402 30 25 de
2799 1401 63 25 kaas
2883 1400 130 30 werkelijk

2075 1441 64 26 door
2156 1442 46 25 het
2219 1442 61 24 zout
2298 1441 149 28 verzwaart,
2466 1437 26 25 in
2510 1436 30 28 de
2558 1437 84 32 plaats
2655 1443 48 18 van
2717 1443 60 17 eene
2790 1441 57 18 zeer
2863 1431 137 34 oppervlak-

2074 1473 59 34 kige
2169 1473 172 32 beschrijving
2366 1473 26 25 te
2409 1479 96 26 geven,
2524 1478 48 18 van
2600 1469 59 27 het,
2685 1475 46 18 zoo
2756 1467 38 26 als
2820 1465 122 34 zijnedele
2968 1465 45 24 het

2074 1507 103 28 noemt,
2198 1501 288 37 "uitd'rogingssysteem
2510 1502 34 26 b;.i
2681 1500 142 24 waarmede
2842 1499 67 25 niets
2927 1496 70 25 bewe-

2074 1545 46 19 zen
2139 1538 90 26 wordt.
2532 1534 5 7 '

2109 1571 93 28 Want,
2229 1571 41 22 tot
2285 1569 197 35 geruststelling
2499 1576 48 17 van
2565 1566 50 24 den
2633 1565 61 24 heer
2712 1564 116 31 Schaap,
2845 1564 59 22 durt
2922 1564 26 22 ik
2968 1564 31 21 be-

2075 1609 84 17 weren
2170 1622 5 8 ,
2203 1602 45 25 dat
2264 1600 58 32 wij,
2339 1599 180 27 kaasmakers,
2531 1606 57 18 zeer
2606 1594 66 34 goed
2688 1596 54 25 met
2759 1594 47 25 het
2824 1593 176 32 //uitdrogings-

2074 1633 113 32 systeem
2205 1642 48 17 van
2368 1632 99 26 bekend
2485 1632 46 31 zijn
2544 1651 6 6 .
2576 1638 31 17 en
2634 1629 45 24 dat
2705 1628 40 25 dit
2770 1626 61 26 door
2849 1625 50 26 den
2916 1625 98 33 goeden

2075 1665 151 26 kaasmaker
2244 1665 83 26 wordt
2344 1664 141 27 bevorderd
2503 1665 27 25 of
2544 1665 178 28 tegengegaan
2734 1681 5 6 .
2766 1659 24 25 al
2817 1665 63 19 naar
2896 1659 69 25 mate
2982 1658 31 26 de

2074 1697 50 32 tijd
2140 1707 51 17 van
2216 1697 46 26 het
2282 1697 60 33 jaar
2357 1706 32 18 en
2407 1697 30 25 de
2454 1695 230 33 omstandigheden
2701 1693 72 26 zulks
2791 1691 163 30 vereischeii,
2973 1700 40 17 om

2074 1737 46 19 een
2146 1730 78 34 goede
2251 1739 31 18 en
2308 1729 146 33 smakelijke
2480 1729 59 25 kaas
2574 1730 26 22 te
2626 1728 115 26 leveren,
2766 1724 78 33 hetzij
2863 1731 60 19 voor
2941 1730 72 20 verre

2074 1765 163 35 verzending,
2256 1763 77 32 hetzij
2352 1756 64 32 voor'
2430 1769 69 18 meer
2516 1761 110 31 dadelijk
2643 1760 116 31 gebruik.

2106 1796 51 33 Wij
2174 1795 85 26 weten
2277 1801 57 19 zeer
2349 1794 64 27 wel,
2439 1794 45 24 dat
2511 1801 26 18 er
2563 1801 51 24 nog
2639 1792 94 33 weinig
2751 1791 170 26 waterdeelen
2939 1791 27 26 in
2981 1789 32 26 de

2074 1828 61 26 kaas
2152 1828 132 32 aanwezig
2301 1827 64 31 zijn,
2383 1826 37 26 als
2439 1825 40 26 die
2497 1827 38 25 uit
2551 1826 32 25 de
2601 1833 57 25 pers
2674 1824 85 26 wordt
2774 1832 133 24 genomen,
2927 1824 40 25 die
2985 1824 28 25 in

2073 1860 131 25 meerdere
2229 1860 28 24 of
2277 1858 115 26 mindere
2417 1859 69 24 mate
2510 1859 99 24 moeten
2635 1857 158 31 verdrogen,
2820 1864 31 15 en
2874 1856 73 24 zulks
2965 1854 48 24 ook

2073 1891 73 32 doen,
2164 1899 32 19 en
2212 1891 133 26 waardoor
2361 1890 32 26 de
2411 1889 61 26 kaas
2489 1889 141 33 natuurlijk
2646 1889 94 26 lichter
2758 1886 91 26 wordt.
2885 1886 57 26 Ook
2959 1893 35 17 we-

2072 1925 46 25 ten
2134 1925 41 33 wij
2187 1945 5 11 ,
2211 1925 46 26 dat
2272 1925 31 25 de
2321 1924 61 25 kaas
2400 1922 27 26 in
2444 1922 45 26 het
2505 1924 59 25 zout
2589 1922 123 30 staande,
2738 1919 151 26 zoutdeelen
2913 1918 27 24 in
2956 1917 57 25 zich

2074 1958 132 33 opneemt,
2224 1957 26 27 al
2267 1958 84 25 weten
2368 1955 54 26 niet
2440 1955 66 25 allen
2524 1956 45 25 dat
2585 1955 39 25 dit
2863 1950 30 25 is.

2107 1991 73 26 Maar
2198 1990 39 32 wij
2256 1991 85 25 weten
2359 1988 48 25 ook
2422 1987 103 27 tevens;
2550 1987 60 30 dat,
2637 1987 48 26 hoe
2711 1993 70 20 meer
2805 1982 150 28 zoutdeelen
2983 1981 20 24 de-

2073 2023 61 26 kaas
2151 2023 27 26 in
2196 2023 56 26 zich
2269 2022 131 34 opneemt,
2418 2019 48 25 hoe
2484 2020 93 26 lichter
2594 2020 40 25 die
2652 2020 84 25 wordt
2753 2027 32 17 en
2802 2020 52 24 niet
2870 2015 143 27 zwaarder,

2073 2063 45 19 zoo
2135 2056 38 26 als
2191 2056 63 26 door
2270 2046 51 35 den
2337 2054 63 25 heer
2417 2050 100 34 Schaap
2533 2053 20 25 is
2570 2052 124 26 beweerd.

2105 2089 54 30 En,
2178 2088 46 27 dat
2242 2088 47 26 dus
2307 2088 45 26 het
2368 2085 69 30 zout,
2454 2083 48 26 hoe
2520 2086 145 25 onmisbaar
2682 2083 64 30 ook,
2765 2092 40 17 om
2824 2082 30 26 de
2871 2082 64 25 kaas
2952 2086 63 18 voor

2073 2121 91 26 bederf
2180 2124 24 21 ie
2222 2121 126 26 bewaren,
2367 2119 48 24 den
2433 2117 176 26 kaasbereider
2626 2115 168 38 aanzienlijke
2804 2114 92 26 schade
2907 2117 92 20 veroor-

2073 2154 76 26 zaakt
2159 2173 5 11 ,
2189 2154 27 25 in
2233 2153 83 33 plaats
2334 2159 50 18 van
2400 2147 133 33 voordeel,
2558 2150 84 26 zooals
2668 2148 39 26 uit
2726 2148 76 32 mijne
2819 2144 194 35 proefneming,

2073 2186 27 26 in
2125 2186 61 33 mijn
2211 2186 84 26 eerste
2321 2183 126 32 schrijven
2473 2183 180 30 omschreven,
2678 2183 45 25 ten
2740 2176 163 37 duidelijkste
2922 2176 91 32 blijkt;

2074 2228 30 18 en
2128 2219 227 32 dientengevolge,
2381 2210 27 31 ik
2434 2213 106 27 herhaal
2565 2215 46 26 het
2635 2213 58 27 hier
2709 2222 52 24 nog
2779 2219 73 19 eens:
2871 2212 32 25 de
2921 2209 93 31 accijns

2073 2259 33 25 op
2121 2251 46 27 het
2185 2254 59 24 zout
2262 2258 61 20 voor
2347 2250 48 25 den
2421 2246 149 25 kaasmaker
2596 2256 59 17 eene
2678 2245 149 26 drukkende
2845 2242 131 31 belasting
2993 2248 21 18 is

2073 2285 26 25 te
2117 2291 113 19 noemen.

2105 2317 53 25 Dat
2183 2317 31 24 de
2243 2317 60 25 heer
2321 2314 102 30 Schaap
2440 2310 41 28 mij
2500 2310 57 27 deze
2576 2311 59 26 ééne
2653 2319 92 25 vraag,
2772 2317 32 26 op
2829 2309 80 33 goede
2931 2310 66 27 gron-

2073 2349 48 26 den
2140 2349 156 31 steunende,
2315 2339 197 37 beantwoorde:

2106 2382 120 25 Waarom
2250 2382 24 25 is
2297 2381 32 26 de
2354 2380 63 24 kaas
2443 2380 37 20 n°.
2505 2379 15 22 2
2544 2385 46 17 zoo
2607 2376 54 26 veel
2679 2385 70 18 meer
2773 2382 27 17 in
2824 2374 110 25 zwaarte
2953 2376 45 18 ver-

2073 2414 124 26 minderd,
2215 2414 50 25 dan
2282 2414 35 25 n°.
2341 2415 18 26 I,
2383 2408 239 33 niettegenstaande
2699 2414 14 20 2
2732 2415 45 19 zoo
2794 2405 56 25 veel
2868 2409 67 20 meer
2954 2402 58 25 zout

2073 2447 27 25 in
2117 2447 56 26 zich
2191 2447 52 26 had
2261 2451 172 30 opgenomen,
2459 2448 32 18 en
2517 2441 46 26 dus
2587 2450 63 18 naar
2667 2437 198 35 evenredigheid
2883 2434 130 28 zwaarder

2073 2480 52 25 had
2141 2480 103 26 moeten
2263 2480 72 32 zijn?
2352 2486 31 18 en
2400 2476 32 25 de
2450 2473 64 26 kaas
2530 2474 34 25 n°.
2577 2479 15 21 3
2609 2484 52 24 nog
2678 2481 67 19 weer
2761 2480 70 18 meer
2841 2479 52 15 was
2903 2471 110 22 verlicht

2074 2512 51 25 dan
2140 2517 37 21 n°.
2194 2515 28 30 2,
2244 2506 247 38 niettegenstaande
2507 2510 37 21 n°.
2561 2510 17 22 3
2597 2515 52 26 nog
2669 2513 71 20 meer
2761 2505 61 26 zout
2844 2511 26 17 in
2888 2503 56 24 zich
2961 2503 52 22 had

2073 2551 157 27 opgenomen
2248 2545 50 25 dan
2315 2549 37 20 n°.
2368 2545 28 26 2,
2414 2546 32 19 en
2465 2538 46 25 dus
2529 2538 28 25 de
2576 2542 120 24 zwaarste
2715 2538 51 27 had
2785 2536 103 27 moeten
2904 2542 64 24 zijn,
2987 2533 26 25 of

2073 2577 110 26 althans
2199 2577 47 25 het
2263 2577 79 25 minst
2359 2575 27 24 in
2402 2571 98 33 gewigt
2517 2571 51 24 had
2583 2572 102 25 moeten
2700 2571 126 26 verliezen
2837 2570 13 22 't

2106 2610 80 26 Komt
2213 2609 40 26 dit
2277 2610 84 26 alleen
2378 2606 63 26 door
2458 2603 46 26 het
2877 2601 91 25 Alleen
2981 2611 31 5 —

2073 2643 64 25 door
2153 2643 45 25 het
2215 2642 143 32 verdrogen
2374 2646 52 18 van
2444 2643 60 18 wei-
2520 2643 31 17 en
2569 2637 234 25 waterdeelen?...

2106 2675 35 26 Of
2156 2674 97 27 zouden
2270 2674 50 26 ook
2336 2669 116 33 welligt,
2478 2675 63 17 naar
2565 2668 196 33 evenredigheid
2787 2667 46 26 dat
2850 2672 28 19 er
2900 2669 70 19 meer
2987 2666 25 21 ol

2073 2707 100 26 minder
2198 2706 150 27 zoutdeelen
2376 2704 28 26 in
2426 2701 32 26 de
2476 2700 61 25 kaas
2554 2700 102 26 worden
2673 2707 172 27 opgenomen,
2863 2696 149 26 vetsoorten

2073 2740 103 26 worden
2193 2739 181 33 afgescheiden
2392 2743 32 18 en
2440 2732 175 32 uitgedreven,
2628 2733 40 25 die
2678 2741 117 19 vooreen
2805 2738 57 19 zeer
2870 2731 77 31 groot
2955 2731 57 21 deel

2074 2772 133 27 behouden
2225 2772 115 26 moesten
2356 2767 112 33 blijven,
2492 2772 32 17 en
2548 2763 40 26 die
2606 2773 69 19 meer
2689 2765 124 28 voordeel
2831 2771 50 19 aan
2898 2761 112 32 gewicht

2073 2806 135 31 opleveren
2225 2805 52 25 dan
2294 2805 45 24 het
2355 2802 72 27 zout,
2446 2804 132 19 waarvoor
2596 2798 30 30 zij
2646 2799 84 30 plaats
2746 2799 103 24 moeten
2868 2796 110 25 maken.-'

2105 2837 31 25 Ik
2153 2837 107 27 herhaal
2277 2836 53 30 het,
2348 2833 46 26 dat
2413 2832 30 24 de
2463 2830 61 25 heer
2537 2828 98 35 Schaap
2654 2831 40 33 mij
2709 2831 60 25 deze
2783 2837 80 25 vraag
2881 2836 31 24 op
2929 2825 80 35 goede

2073 2869 116 34 gronden
2213 2868 141 28 steunende
2370 2861 198 32 beantwoorde,
2589 2859 86 27 indien
2700 2865 34 30 hij
2765 2864 39 25 dit
2829 2863 60 27 kan,
2908 2868 31 17 en
2955 2859 56 25 dan

2074 2901 97 28 daarbn
2190 2910 52 25 nog
2258 2903 46 25 het
2322 2898 87 32 bewijs
2426 2897 97 25 levere,
2542 2893 43 25 dat
2603 2893 30 25 de
2649 2895 63 27 kaas
2730 2897 63 24 door
2809 2895 46 26 het
2871 2893 60 26 zout
2949 2897 46 19 ver-

2074 2936 104 30 zwaart,
2196 2943 31 18 en
2244 2934 130 27 zwaarder
2386 2926 96 31 'wordt,
2500 2933 63 19 naar
2580 2928 198 34 evenredigheid
2794 2928 59 26 deze
2871 2931 71 19 meer
2949 2923 61 26 zont

2073 2968 27 25 in
2118 2967 56 25 zich
2191 2968 131 32 opneemt,
2343 2973 32 18 en
2393 2962 47 26 dus
2457 2960 46 25 het
2519 2959 71 30 zout,
2609 2966 31 18 eu
2655 2960 143 27 bovendien
2816 2960 31 25 de
2863 2957 98 31 akcijns
2979 2962 32 25 op

2074 3000 45 25 het
2137 3001 71 28 zout,
2226 3000 48 25 den
2291 2993 182 31 kaasbereider
2491 2989 164 33 aanzienlijke
2673 2993 150 27 voordcelen
2842 2992 124 33 oplevert.

2105 3033 126 32 Bewijzen
2250 3047 31 4 —
2298 3028 125 37 grondige
2441 3022 122 32 bewijzen
2581 3030 80 28 vraag
2676 3026 27 26 ik
2721 3041 32 4 —
2771 3034 31 18 en
2818 3032 66 25 geen
2901 3021 93 27 redene-

2073 3060 148 39 ringendie
2238 3065 67 26 niets
2322 3061 131 32 bewijzen.
2486 3056 53 25 Het
2557 3060 143 30 vraagpunt
2720 3059 22 25 is
2764 3060 26 24 te
2812 3057 139 34 gewigtig,
2969 3060 41 19 om

2074 3106 45 18 zoo
2135 3105 72 19 maar
2224 3098 97 32 losweg
2336 3089 148 32 behandeld
2499 3089 26 24 te
2544 3089 107 27 worden.

2104 3131 40 26 En
2160 3145 32 4 —
2209 3131 70 25 moet
2296 3130 30 25 de
2343 3129 63 25 heer
2424 3122 100 31 Schaap
2542 3120 40 25 die
2600 3120 120 35 bewijzen
2737 3122 120 32 schuldig
2875 3120 94 43 blijven
2979 3132 31 2 —

2073 3163 48 26 wel
2138 3171 43 21 nu,
2198 3162 46 25 dat
2261 3162 35 33 hij
2315 3151 51 35 dan
2382 3155 128 30 verklare,
2526 3151 45 27 dat
2588 3152 34 34 hij
2641 3155 26 26 in
2685 3156 77 26 dezen
2779 3155 72 26 heeft
2868 3151 142 33 gedwaald,

2074 3203 30 17 en
2121 3183 131 40 bekènne,
2280 3193 47 27 dat
2353 3193 30 25 de
2409 3194 107 27 opname
2535 3193 48 18 van
2609 3187 45 27 het
2669 3190 61 24 zont
2746 3188 27 24 in
2792 3187 30 24 de
2839 3185 64 25 kaas
2920 3184 91 33 geheel

2072 3228 93 26 andere
2200 3226 159 26 uitkomsten
2385 3219 133 40 oplevert,
2536 3217 38 26 als
2590 3217 47 34 hij,
2655 3230 31 17 en
2704 3219 100 32 welligt
2820 3217 54 27 vele
2893 3217 100 26 nietdes-

2072 3260 132 33 kundigen
2222 3260 53 24 met
2290 3259 73 30 hem,
2387 3254 37 33 bij
2452 3259 60 18 eene
2530 3253 197 33 oppervlakkige
2746 3252 183 32 beschouwing
2946 3249 48 26 had-

2073 3293 48 26 den
2140 3291 126 27 vermoed.
2426 3317 30 7 ..„
2917 3313 7 4 .
2955 3312 9 8 ,

2104 3326 39 25 Do
2169 3325 61 25 heer
2246 3322 102 35 Schaap
2363 3317 103 34 schrijft
2481 3322 43 25 mij
2543 3322 25 17 ui
2584 3325 51 25 zijn
2650 3317 94 26 laatste
2765 3317 125 33 schrijven
2917 3315 77 25 bedoe-

2070 3357 89 27 lingen
2177 3358 41 25 toe
2230 3377 6 9 ,
2263 3356 41 25 die
2321 3354 44 30 ik,
2381 3352 27 26 ik
2426 3347 118 28 verklaar
2561 3347 46 27 het
2622 3348 56 26 hier
2694 3350 137 33 rondweg,
2848 3348 56 25 niet
2920 3347 27 26 in
2963 3347 47 25 het

2072 3390 93 25 minste
2191 3389 47 25 heb
2265 3384 158 31 gekoesterd.
2458 3381 43 31 Hij
2519 3380 60 26 toch
2597 3380 59 26 doet
2674 3381 170 31 voorkomen,
2870 3380 46 26 dat
2933 3379 77 32 mijne

2244 3420 45 25 dat
2314 3419 46 26 het
2383 3413 109 37 gebruik
2510 3420 50 18 van
2577 3415 58 24 zout
2654 3412 46 26 den
2720 3413 150 25 kaasmaker
2887 3411 107 27 aanzien-

2072 3455 59 26 lij...
2150 3454 92 27 _.l_/_l
2259 3451 143 22 heiv-tent:
2440 3448 58 24 «ten
2518 3445 341 35 __JS{'''_,^F',-l.,4.retlCen
2869 3465 6 12 >
2894 3452 48 19 noe
2960 3451 33 17 0n
2995 3457 13 4 ~

2074 3472 80 24 _n_i.
2172 3469 41 20 (.—
2236 3482 45 6 ....
2297 3482 48 12 »_.,
2366 3475 57 18 hom
2440 3471 45 20 I,ot
2507 3469 76 17 •■"—'■»
2609 3469 52 15 met
2679 3469 105 22 J>.—«._.._
2792 3482 20 2 —
2884 3483 15 8 _.
2917 3483 25 4 _.
2963 3482 30 7 _„

2105 3528 20 26 f-
2130 3536 14 18 n
2170 3542 31 4 —
2226 3527 48 27 ook
2293 3527 84 27 hierin
2393 3522 97 30 dwaalt
2507 3521 30 27 de
2555 3521 61 27 heer
2633 3522 116 34 Schaap:
2774 3523 63 33 mijn
2862 3522 76 33 éénig
2953 3522 57 26 doel

2070 3562 52 24 met
2148 3561 63 31 mijn
2236 3561 83 24 eerste
2335 3559 128 30 schrijven
2479 3561 64 20 was,
2569 3561 41 18 om
2634 3554 31 26 de
2689 3556 163 32 ongegronde
2880 3555 130 33 bewering

2070 3600 50 18 van
2138 3591 47 28 den
2204 3593 61 25 heer
2283 3592 106 31 Schaap,
2409 3589 26 24 in
2453 3587 47 32 zijn
2519 3587 80 24 eerste
2619 3587 125 33 schrijven
2756 3595 32 26 op
2798 3587 48 26 den
2865 3587 144 33 voorgrond

2070 3626 107 30 gesteld,
2196 3633 32 25 op
2244 3625 80 32 goede
2341 3621 123 33 gronden,
2481 3619 138 25 steunende
2637 3627 32 25 op
2687 3621 30 25 de-
2735 3621 142 31 verkregen
2894 3620 99 26 uitkom-

2070 3658 56 24 sten
2137 3676 6 9 ,
2160 3665 48 17 van
2226 3657 63 25 door
2306 3656 43 33 mij
2367 3653 98 35 gedane
2483 3650 221 35 proememingen»
2722 3654 26 24 te
2766 3654 168 31 weerleggen.

2102 3690 78 26 Ware
2206 3690 45 25 het
2268 3689 63 34 mijn
2347 3686 57 27 doel
2421 3684 122 35 geweest,
2565 3684 85 27 zooals
2667 3685 63 26 door
2746 3685 47 26 den
2820 3685 60 26 heer
2909 3685 100 33 Schaap

2070 3722 26 25 in
2122 3722 50 31 zijn
2197 3722 99 25 tweede
2321 3720 128 30 schrijven
2466 3715 81 26 wordt
2574 3716 130 34 beweerd,
2730 3726 41 18 om
2796 3726 50 18 aan
2871 3719 26 24 te
2914 3719 96 24 toonen

2070 3754 63 26 ./hoe
2143 3749 120 38 'onbillijk
2272 3755 45 25 het
2323 3762 47 18 zou
2453 3749 47 25 den
2510 3746 149 28 kaasmaker
2666 3752 53 24 met
2731 3759 44 17 een
2787 3750 222 33 patentbelasting

2069 3789 27 24 te
2122 3787 149 28 bezwaren,
2287 3777 51 35 dan
2362 3784 76 27 zeker
2456 3788 66 19 ware
2539 3781 47 25 ook
2606 3781 30 27 de
2652 3783 93 38 accijns
2761 3791 33 25 op
2811 3783 47 26 het
2876 3784 61 25 zout
2954 3783 56 25 niet

2070 3821 123 32 vergeten
2210 3809 151 43 geworden;
2388 3822 72 20 maar
2481 3813 52 24 had
2557 3813 27 25 ik
2601 3810 142 31 bovendien
2767 3816 53 25 met
2838 3815 91 32 cijfers,
2947 3816 46 25 ont-

2069 3852 74 26 leend
2161 3859 48 18 aan
2228 3849 32 26 de
2276 3848 185 28 verschillende
2478 3844 262 37 belastingsbiljetten
2753 3868 5 11 ,
2776 3848 170 33 aangetoond,
2963 3848 46 25 dat

2069 3885 31 26 de
2133 3882 152 27 kaasmaker
2331 3883 56 26 niet
2425 3880 94 27 alleen,
2552 3885 72 19 maar
2657 3881 47 26 ook
2743 3881 32 25 de
2805 3881 202 26 landbouwende

2069 3917 77 26 stand
2171 3917 26 24 in
2215 3915 46 25 het
2278 3914 148 34 algemeen,
2452 3911 74 26 zeker
2551 3912 32 22 de
2607 3914 52 25 niet
2685 3917 79 22 minst
2789 3914 94 25 belaste
2908 3913 27 25 in
2963 3920 45 18 ons

2069 3947 141 28 vaderland
2235 3947 65 32 zijn,
2317 3957 32 18 en
2374 3947 40 26 uit
2438 3944 60 27 dien
2522 3941 93 28 hoofde
2641 3952 60 20 eene
2726 3945 231 34 patentbelasting,
2976 3953 32 25 op

2069 3983 51 26 hen
2135 3981 142 33 toegepast,
2295 3989 57 18 zeer
2368 3977 119 33 onbillijk
2504 3981 46 18 zou
2567 3974 57 33 zijn.

2102 4013 74 27 Maar
2194 4013 26 25 ik
2237 4013 51 24 kan
2306 4012 143 26 bovendien
2467 4007 48 25 den
2535 4006 69 26 Heer
2620 4010 102 33 Schaap
2745 4011 30 25 de
2794 4010 213 33 geruststellende

2070 4045 168 31 verzekering
2255 4054 87 24 geven,
2361 4044 46 27 dat
2424 4044 27 26 ik
2469 4045 61 20 voor
2546 4038 43 33 mij
2608 4041 54 27 niet
2679 4050 45 19 zoo
2741 4037 58 32 heel
2810 4042 123 27 bevreesd
2949 4042 58 31 ben,

2070 4080 45 26 dat
2132 4087 60 17 men
2209 4069 50 34 den
2275 4069 221 35 landbouwenden
2520 4071 78 26 stand
2622 4076 53 25 met
2700 4083 61 19 eene
2787 4075 221 33 patentbelasting

2070 4113 39 25 zal
2128 4111 141 25 bezwaren.

2102 4142 122 32 Zoolang,
2249 4142 103 27 althans
2368 4141 57 27 niet
2441 4136 109 32 zoolang
2569 4136 146 30 Nederland
2733 4140 46 26 het
2796 4139 211 34 onafhankelijke

2070 4174 148 28 Nederland
2236 4183 59 24 mag
2311 4175 109 32 blijven,
2447 4168 79 28 onder
2550 4167 45 30 het
2621 4170 105 28 bestuur
2748 4181 50 17 van
2816 4181 46 17 een
2880 4174 71 24 vorst
2963 4167 45 31 'uit

2070 4207 46 27 het
2133 4207 125 26 stamhuis
2275 4215 50 18 van
2342 4206 105 33 Oranje,
2473 4209 31 17 en
2531 4200 141 39 bijgestaan
2689 4205 63 26 door
2770 4213 111 18 mannen
2898 4205 40 26 die
2956 4204 35 26 Ne-

2070 4232 149 34 derlanders
2244 4240 48 33 zijn
2317 4241 27 26 in
2369 4241 51 26 den
2437 4241 85 19 waren
2539 4241 40 18 zin
2597 4234 44 27 des
2659 4238 110 27 woords,
2787 4246 32 18 en
2836 4237 112 33 grondig
2963 4237 30 25 be-

2070 4272 67 26 kend
2156 4272 52 25 met
2225 4272 48 26 den
2291 4281 85 18 waren
2394 4266 119 31 toestand
2531 4273 48 18 van
2596 4267 60 27 land
2673 4278 31 17 en
2728 4270 74 30 volk,
2829 4269 111 31 grondig
2965 4269 30 26 be-

2070 4304 67 27 kend
2156 4305 53 26 met
2225 4304 31 27 de
2272 4305 196 27 hoofdbronnen
2486 4306 47 17 van
2552 4298 44 27 het
2613 4302 188 30 volksbestaan,
2829 4297 102 28 bekend
2955 4303 53 25 met

2070 4337 32 26 de
2120 4337 125 26 oorzaken
2262 4339 80 25 welke
2368 4337 41 26 die
2430 4331 194 27 hoofdbronnen
2640 4342 69 19 meer
2726 4342 30 17 en
2774 4341 70 18 meer
2859 4332 150 33 voordeelig

2070 4370 104 25 kunnen
2192 4369 64 26 doen
2272 4370 107 27 vloeien,
2399 4363 146 28 uitbreiden
2562 4372 31 17 en
2611 4365 105 30 bloeien,
2737 4364 99 27 bekend
2852 4364 48 25 ook
2919 4367 90 24 tevens

2070 4403 53 25 met
2143 4402 70 31 alles,
2229 4403 53 25 wat
2298 4403 59 27 dien
2374 4396 70 32 bloei
2461 4403 32 19 en
2510 4395 40 27 die
2568 4398 188 34 ontwikkeling
2778 4406 48 19 zou
2843 4396 103 27 kunnen
2965 4397 30 26 be-

2070 4435 141 26 lemmeren
2228 4442 32 19 en
2275 4433 190 37 tegenwerken.

2102 4467 40 26 En
2160 4481 31 4 —
2207 4474 111 19 waarom
2335 4467 73 26 niet?

2104 4499 96 27 Omdat
2216 4507 46 19 een
2278 4494 247 39 patent-belasting,
2550 4501 32 25 op
2598 4494 45 26 het
2660 4495 137 26 landbouw
2815 4502 32 18 en
2868 4494 125 27 boerenbe-

2070 4532 67 32 drijf,
2156 4532 54 25 niet
2226 4532 21 26 is
2264 4533 27 26 in
2307 4528 150 37 toepassing
2473 4527 27 25 te
2517 4526 120 32 brengen,
2655 4530 93 25 zonder
2764 4528 41 24 die
2818 4527 131 32 bedrijven
2959 4535 50 17 aan

2070 4564 102 26 banden
2189 4564 26 26 te
2232 4564 99 35 leggen.
2366 4559 116 32 Banden,
2506 4560 131 25 waardoor
2653 4560 31 33 zij
2708 4561 27 25 in
2753 4560 86 26 hunne
2857 4559 61 34 vrije
2948 4561 46 25 ont-

2070 4597 141 33 wikkeling
2226 4605 32 19 en
2275 4596 161 30 uitbreiding
2451 4600 33 28 op
2500 4591 124 34 zoodanig
2640 4602 60 18 eene
2711 4593 71 32 wijze
2793 4592 98 26 zouden
2902 4592 106 26 wor#en

2070 4630 164 31 belemmerd,
2252 4631 46 26 dat
2315 4631 115 26 daarvan
2446 4624 70 32 bijna
2533 4631 63 25 geen
2613 4628 90 30 sprake
2721 4632 69 18 meer
2807 4625 51 25 kon
2875 4625 57 31 zijn,
2954 4625 54 25 niet

2070 4662 84 26 alleen
2171 4676 31 4 —
2220 4670 72 19 maar
2308 4663 46 26 het
2370 4657 83 31 meest
2470 4656 73 26 zeker
2559 4657 132 26 werkende
2709 4657 104 31 middel,
2831 4664 41 19 om
2882 4657 39 26 die
2931 4657 77 26 thans

2070 4702 45 19 zoo
2133 4694 48 33 rijk
2199 4696 131 26 vloeiende
2348 4696 72 26 bron,
2438 4689 45 26 der
2500 4688 144 33 algemeene
2661 4690 206 30 volkswelvaart,
2884 4689 71 33 bijna
2963 4697 31 25 ge-

2070 4726 58 27 heel
2144 4728 26 25 te
2187 4727 65 28 doen
2268 4719 168 41 verdroogen,
2454 4729 31 19 en
2502 4721 123 27 daardoor
2642 4723 110 26 oorzaak
2769 4730 47 18 zou
2828 4722 111 32 worden,
2957 4729 51 19 van

2070 4767 70 19 meer
2156 4767 32 19 en
2204 4768 69 19 meer
2289 4749 168 38 toenemende
2474 4754 124 33 armoede,
2621 4755 30 33 ja
2667 4765 51 18 van
2735 4754 189 33 broodsgebrek
2947 4761 61 19 voor

2070 4792 149 25 duizenden.

2102 4825 40 25 En
2161 4839 30 4 —
2209 4825 39 26 dit
2265 4826 47 26 ook
2330 4824 66 28 weet
2414 4821 70 25 ieder
2511 4821 296 30 staathuishoudkundig
2823 4821 142 24 staatsman
2982 4821 26 22 in

2070 4856 156 32 Nederland,
2252 4866 31 19 en
2300 4859 40 26 zal
2357 4858 59 26 hem
2443 4852 177 33 terughouden
2636 4861 48 17 van
2702 4860 46 18 een
2766 4852 112 26 voorstel
2898 4852 43 25 tot
2966 4859 28 24 pa-

2074 4890 215 35 tentptigtigheid
2306 4898 51 18 van
2374 4889 50 25 den
2440 4885 220 26 landbouwenden
2676 4885 85 31 stand,
2786 4891 61 18 voor
2864 4885 27 24 te
2908 4883 100 26 stellen.

2073 4922 47 26 Dit
2138 4922 48 26 ook
2204 4925 65 25 weet
2285 4924 72 26 ieder
2373 4917 319 34 staathuishoudkundige,
2709 4924 71 20 waar
2800 4917 194 30 volksvertegen-

2070 4954 150 33 woordiger,
2239 4963 32 18 en
2288 4957 40 25 zal
2346 4955 59 25 hem
2422 4950 117 33 dringen,
2561 4950 87 26 mocht
2665 4950 50 26 ook
2732 4950 33 28 al,
2783 4949 59 25 zulk
2851 4956 46 17 een
2907 4949 87 31 patont-

2070 4988 52 25 wet
2140 4994 47 19 aan
2205 4987 74 27 leden
2297 4996 50 18 van
2365 4985 32 26 de
2413 4983 107 26 Tweede
2537 4983 94 26 Kamer
2648 4983 45 25 der
2711 4980 227 34 Staten-generaal
2944 4987 48 19 wor-

2070 5020 51 25 den
2139 5020 174 33 aangeboden,
2331 5019 40 27 die
2389 5019 26 25 te
2432 5015 141 33 bestrijden
2589 5023 31 18 en
2640 5015 159 26 aftekeuren.

2102 5052 73 26 Neen
2193 5067 31 4 —
2239 5053 27 26 ik
2284 5050 109 28 herhaal
2417 5050 54 28 het,
2487 5055 46 19 zoo
2550 5048 61 33 lang
2629 5047 155 28 Nederland,
2810 5046 63 25 door
2889 5044 70 35 wijze
2976 5053 32 17 en

2070 5083 124 26 verlichte
2212 5086 194 25 staatsmannen
2431 5081 40 26 zal
2487 5081 104 26 worden
2609 5080 135 31 bestuurd;
2769 5086 45 18 zoo
2831 5078 64 32 lang
2911 5076 81 26 Neder-

2070 5117 61 25 land
2148 5117 57 25 zich
2223 5125 60 25 mag
2301 5118 136 25 beroemen
2454 5121 32 25 op
2498 5111 360 35 volksvertegenwoordigers,
2876 5109 40 26 die
2924 5109 31 26 de
2963 5109 31 25 be-

2070 5150 93 33 langen
2181 5158 52 18 van
2255 5150 60 26 land
2333 5159 31 17 en
2381 5148 67 30 volk,
2474 5147 113 26 kennen:
2615 5153 31 19 en
2663 5146 46 26 het
2725 5146 53 25 hun
2796 5146 103 24 streven
2916 5144 28 30 is,
2967 5143 40 26 die

2070 5183 128 30 belangen
2213 5184 27 22 te
2257 5181 168 32 behartigen;
2450 5189 46 17 zoo
2512 5178 61 33 lang
2597 5186 72 18 vrees
2686 5178 26 24 ik
2730 5181 63 28 geen
2816 5176 143 32 pafentwet
2975 5183 32 25 op

2070 5215 45 27 het
2133 5213 92 26 boeren
2243 5222 31 19 en
2290 5211 236 33 landbouwbedrijf,
2544 5218 72 19 maar
2631 5211 102 26 koester
2750 5209 27 25 ik
2793 5207 142 26 bovendien
2955 5215 52 25 nog

2070 5248 30 25 de
2118 5248 76 34 hoop,
2210 5246 46 25 dat
2272 5248 48 25 ook
2337 5248 32 25 de
2386 5244 229 34 jiatentbelasting,
2631 5251 32 25 op
2681 5241 142 34 nijverheid
2839 5249 32 15 en
2882 5239 125 25 industrie

2069 5280 25 26 al
2111 5278 100 26 minder
2228 5287 32 18 en
2277 5278 99 26 minder
2394 5276 133 28 drukkend
2544 5276 39 26 zal
2600 5275 104 27 worden
2715 5271 129 37 gemaakt,
2861 5280 41 18 om
2911 5270 96 27 weldra

2069 5321 45 18 zoo
2131 5311 122 33 mogelijk
2269 5313 91 32 geheel
2376 5314 26 22 te
2420 5310 163 32 verdwijnen.

2102 5344 165 32 Belastingen
2285 5346 103 24 moeten
2404 5350 28 19 er
2448 5342 105 26 betaald
2570 5341 117 28 worden;
2704 5337 60 34 geld
2781 5337 69 25 moet
2862 5342 27 19 er
2906 5343 51 24 zijn
2973 5343 32 18 en

2069 5376 21 24 is
2106 5376 103 32 noodig,
2226 5376 39 25 zal
2284 5376 30 25 de
2339 5374 246 39 maatschappelijke
2601 5373 61 26 orde
2679 5369 120 27 bewaard
2816 5368 103 32 blijven,
2944 5374 46 26 per-

2069 5418 85 21 sonen,
2180 5408 194 32 eigendommen
2400 5417 31 17 en
2448 5408 126 32 goederen
2591 5404 138 33 beveiligd,
2753 5402 45 25 het
2815 5400 59 30 regt
2890 5400 99 33 gehand-

2069 5440 86 30 haafd,
2181 5448 45 17 ons
2243 5440 61 25 land
2321 5440 103 25 zooveel
2448 5439 120 34 mogelijk
2585 5435 151 28 beschermd
2753 5435 78 30 tegen
2848 5433 50 25 den
2920 5433 86 31 vijand

2069 5480 50 18 van
2135 5472 98 31 buiten,
2259 5472 102 26 werken
2378 5473 77 32 groot
2479 5481 32 17 en
2526 5471 72 27 klein
2614 5472 45 24 ten
2676 5469 164 32 algemeenen
2857 5465 74 25 nutte
2962 5472 30 18 on-

2069 5504 149 27 derhouden
2235 5512 31 18 en
2283 5504 98 27 nieuwe
2399 5504 162 34 daargesteld
2578 5511 31 18 en
2627 5503 142 32 begonnen.

2101 5537 40 25 En
2158 5550 31 4 —
2207 5537 65 24 welk
2291 5537 154 30 regtgeaard
2461 5536 176 27 Nederlander
2654 5542 47 17 zou
2718 5531 106 26 daartoe
2833 5537 47 24 zijn
2891 5530 100 30 geregts-

2069 5569 56 27 deel
2141 5568 56 27 niet
2213 5568 86 27 willen
2316 5569 152 33 bijdragen?
2485 5576 64 21 naar
2559 5576 51 20 znn
2617 5572 145 26 vermogen,
2781 5570 57 19 zeer
2846 5561 74 27 zeker
2930 5561 76 26 allen.

2069 5602 73 26 Maar
2159 5602 74 25 zeker
2251 5609 31 27 op
2298 5609 61 18 eene
2376 5602 72 33 wijze
2466 5602 83 26 alleen
2565 5601 40 25 die
2623 5600 59 25 hem
2699 5598 27 25 in
2743 5595 207 30 dienstoefeiung
2957 5601 50 17 van

2069 5635 50 37 zijn
2138 5634 91 35 beroep
2246 5635 26 22 of
2290 5633 94 38 bedrijf
2399 5635 54 25 niet
2469 5635 177 26 belemmeren,
2663 5631 30 25 of
2707 5630 39 25 dit
2763 5628 105 26 althans
2885 5633 45 18 zoo
2948 5631 45 18 wei-

2069 5661 45 39 nig
2130 5665 130 34 mogelijk,
2284 5674 32 17 en
2333 5666 64 28 zhne
2414 5667 115 27 bronnen
2546 5674 50 17 van
2613 5665 107 25 bestaan
2745 5661 100 26 minder
2861 5657 64 26 mild
2942 5657 64 25 doen

2069 5699 106 27 vloeien,
2193 5696 89 26 omdat
2298 5698 35 32 hij
2354 5699 154 27 belemmerd
2531 5698 84 28 wordt
2631 5696 63 26 door
2717 5694 144 32 belastings
2877 5691 107 26 formule
2996 5698 11 17 s

2069 5739 41 19 om
2128 5730 59 27 dien
2204 5728 69 26 bloei
2290 5731 26 25 te
2334 5730 164 30 bevorderen.
2930 5761 11 2 ..

2100 5765 100 25 Twisk,
2218 5765 32 25 27
2267 5763 142 27 December
2426 5769 70 21 1869.
2722 5760 33 27 K.
2773 5757 135 30 KOSTER
2924 5756 46 26 Ks.

2197 5876 60 24 Aan
2276 5876 32 24 de
2323 5876 130 24 Redactie.

2099 5909 32 25 In
2157 5907 46 26 het
2224 5907 181 25 Handelsblad
2421 5913 50 19 van
2487 5908 34 24 30
2537 5903 141 26 December
2694 5904 27 25 11.
2739 5903 63 27 vind
2823 5903 26 25 ik
2876 5902 79 26 onder
2973 5901 30 26 de

2067 5930 161 44 ingezonden
2244 5937 111 26 stukken
2373 5944 46 19 een
2434 5939 103 32 verslag
2554 5943 61 18 over
2631 5937 31 25 de
2680 5944 189 24 voorgenomen
2877 5934 125 31 indiiking

2067 5974 45 26 der
2132 5970 110 27 friesche
2259 5969 132 32 Wadden,
2408 5970 96 26 waarin
2523 5969 30 25 de
2571 5976 44 17 eer
2630 5968 56 27 dier
2701 5963 129 39 indijking
2845 5963 92 38 geheel
2954 5974 48 18 aan

2067 6007 48 26 den
2137 6006 63 25 heer
2216 5995 99 40 i-ding
2331 6009 50 19 van
2398 6004 133 26 Berkhout
2549 6001 83 25 wordt
2648 6009 122 25 gegeven.
2798 6001 99 26 Zonder
2915 6001 26 24 in
2959 6000 44 25 het

2066 6038 80 27 minst
2163 6037 31 26 de
2210 6034 65 27 zaak
2291 6034 70 25 zelve
2378 6037 26 24 te
2420 6035 156 34 bespreken,
2595 6033 28 33 zij
2642 6032 45 27 het
2705 6034 41 32 mij
2765 6033 117 33 vergund
2898 6032 50 26 den
2966 6031 25 26 in-

2067 6071 92 26 zender
2177 6069 26 26 te
2222 6067 161 30 herinneren,
2399 6067 46 27 dat
2460 6067 74 28 reeds
2551 6065 26 26 in
2595 6066 46 25 het
2654 6074 59 25 jaar
2732 6061 63 31 Ï848
2819 6066 30 25 de
2868 6064 135 33 ontslapen

2066 6100 226 33 hoofd-ingenieur
2316 6106 50 17 van
2391 6100 48 25 den
2464 6098 165 30 waterstaat,
2655 6099 31 25 de
2719 6099 63 25 heer
2810 6099 28 24 B.
2856 6098 30 25 P.
2904 6098 30 25 G.
2953 6104 50 17 van

2066 6133 136 35 Diggelen,
2220 6131 30 26 de
2268 6131 185 35 droogmaking
2469 6133 46 26 der
2531 6129 136 28 Zuiderzee
2686 6139 31 17 en
2734 6131 44 25 der
2797 6130 107 26 friesche
2924 6128 59 27 Wad-

2066 6169 50 26 den
2132 6167 72 26 heeft
2223 6165 40 24 ter
2280 6163 91 33 sprake
2387 6165 133 31 gebracht;
2537 6163 46 25 dat
2598 6163 35 33 hij
2648 6164 77 32 jaren
2741 6164 63 31 lang
2819 6163 57 32 tijd,
2894 6162 60 32 geld
2972 6170 30 17 en

2066 6201 26 27 al
2118 6200 65 33 zijne
2206 6196 126 26 krachten
2352 6196 71 26 heeft
2439 6198 188 33 ingespannen,
2646 6190 40 33 óm
2704 6196 46 26 dat
2765 6196 91 33 groote
2874 6194 70 27 werk
2960 6194 43 26 tot

2066 6233 77 26 stand
2158 6231 26 25 te
2203 6230 113 30 brengen
2334 6237 32 17 en
2381 6230 45 25 ten
2444 6239 77 25 grave
2538 6229 22 25 is
2577 6228 125 32 gedaald,
2725 6229 94 25 zonder
2836 6228 47 25 dat
2900 6227 59 26 doel
2975 6227 26 25 te

2065 6265 103 27 hebben
2184 6261 110 27 bereikt.

2096 6298 39 25 De
2152 6295 79 25 thans
2248 6294 176 31 voorgestelde
2440 6294 128 34 indijking
2584 6292 22 25 is
2622 6291 97 28 slechts
2735 6302 45 15 een
2797 6293 79 25 ander
2885 6291 56 26 deel
2952 6298 48 19 van

2065 6331 46 25 het
2127 6327 91 38 groote
2236 6326 69 30 plan,
2323 6333 117 20 waaraan
2465 6328 45 25 h.t
2530 6325 66 26 werk
2615 6332 48 18 van
2686 6334 45 17 van
2750 6325 125 33 Diggelen
2893 6325 41 25 tot
2952 6322 32 26 ba-

2065 6364 34 25 sis
2115 6360 100 30 strekt;
2232 6358 45 25 het
2295 6367 72 24 moge
2383 6360 133 33 gewijzigd
2533 6365 30 19 en
2585 6356 138 28 veranderd
2744 6354 109 32 worden,
2868 6356 30 26 de
2919 6356 80 25 eerde

2065 6392 130 28 aandacht
2218 6397 27 20 er
2263 6399 32 25 op
2313 6392 141 33 gevestigd,
2471 6402 32 18 en
2520 6392 30 25 de
2569 6389 181 34 mogelijkheid
2767 6398 27 18 er
2812 6397 50 18 van
2880 6389 119 26 bewezen

2065 6430 26 24 te
2108 6424 110 31 hebben,
2237 6424 110 28 behoort
2363 6433 48 19 van
2430 6425 126 34 Diggelen
2574 6424 26 24 te
2619 6420 141 27 behouden.

2096 6459 54 26 Het
2167 6458 30 32 zij
2216 6457 43 33 mij
2276 6459 89 24 tevens
2381 6459 116 32 vergund
2513 6457 48 25 den
2578 6455 120 25 inzender
2717 6455 178 33 opmerkzaam
2910 6454 26 25 te
2947 6459 35 19 ma-

2065 6493 58 28 ken,
2137 6484 56 31 dat'
2204 6489 45 26 het
2267 6489 103 28 betalen
2387 6500 50 17 van
2453 6493 90 24 renten
2562 6487 145 34 gedurende
2726 6482 30 31 de
2773 6487 148 32 uitvoering
2937 6485 51 26 dooi-

2065 6526 50 25 den
2132 6523 215 27 concessionnaris
2363 6526 65 24 twee
2446 6531 52 25 nog
2516 6523 25 25 al
2549 6520 139 37 gewigtige
2702 6520 152 26 voordcelen
2868 6519 131 26 aanbiedt.

2100 6556 135 26 Vooreerst
2259 6557 87 26 omdat
2372 6556 30 26 de
2428 6554 231 27 concessionnaris,
2679 6552 39 26 die
2735 6552 30 26 do
2783 6553 91 25 renten
2890 6550 105 26 betalen

2065 6588 77 31 moet,
2167 6596 28 18 er
2218 6589 46 26 het
2289 6591 115 32 grootste
2430 6588 93 33 belang
2549 6586 33 33 bij
2602 6583 78 32 heeft,
2701 6583 46 27 dat
2771 6585 31 26 de
2829 6583 102 26 werken
2954 6583 43 25 ton

2065 6621 154 34 Bpoedigste|
2225 6621 103 28 worden
2347 6621 183 37 uitgevoerden

2095 6659 44 22 ten
2157 6658 97 24 andere
2270 6656 89 25 omdat
2375 6648 84 31 kleine
2478 6651 181 34 kapitalisten,
2676 6650 41 25 die
2737 6658 50 17 van
2804 6650 85 25 hunne
2908 6648 91 25 renten

2065 6687 79 28 leven,
2161 6689 106 26 aandeel
2287 6686 24 28 in
2329 6686 31 27 de
2379 6686 100 32 leening
2497 6685 99 27 kannen
2616 6689 97 26 nemen,
2732 6690 118 19 wanneer
2862 6681 31 32 zij
2903 6680 38 26 als
2950 6687 33 24 ge-

2065 6720 118 33 woonlijk
2200 6720 85 26 hunne
2300 6720 89 26 renten
2399 6719 154 32 ontvangen,
2562 6725 31 17 en
2603 6717 38 24 dit
2650 6715 54 27 niet
2714 6715 94 26 zonden
2820 6713 100 27 kunnen
2934 6713 65 25 doen

2065 6761 118 19 wanneer
2207 6754 31 32 zij
2265 6752 40 26 die
2323 6752 92 27 renten
2432 6748 145 39 gedurende
2596 6750 64 26 twee
2680 6748 26 27 ol'
2722 6748 53 27 drie
2791 6746 76 37 jaren
2884 6744 115 28 moesten

2065 6787 99 26 missen.

3073 113 39 34 Bg
3137 119 59 19 eene
3214 110 142 35 moeielijke
3522 109 39 30 als
3579 105 66 33 deze,
3663 117 22 19 is
3702 106 113 37 praktgk
3833 112 50 21 van
3900 109 61 32 groo-

3041 144 41 30 ter
3098 145 113 35 gewicht
3231 145 50 26 dan
3299 144 98 28 theorie
3417 144 27 27 of
3458 138 244 40 welsprekendheid.
3909 170 5 8 ,

3073 181 113 24 Daarom
3203 178 181 26 verwonderde
3402 177 45 27 het
3464 178 51 32 mij,
3534 178 45 24 dat
3587 184 58 17 men
3654 181 111 20 mannen
3776 171 38 26 als
3822 171 152 40 Beijennck,

3043 210 25 26 J.
3093 210 30 26 B.
3149 210 28 26 T.
3203 210 61 27 Ortt
3281 210 30 26 of
3325 210 27 26 F.
3371 210 40 26 W.
3430 204 109 37 Conr'ad,
3555 206 242 35 Hoofd-Ingenieur
3822 206 26 25 te
3868 204 92 26 Middel-

3045 243 73 37 burg,
3137 243 20 26 is
3175 243 206 32 voorbijgegaan.

3076 276 56 25 Met
3149 275 28 26 de
3196 276 130 32 plaatsing
3343 275 74 26 dezer
3435 275 107 31 weinige
3560 273 103 30 regelen
3680 273 53 24 zult
3755 270 34 33 gij
3807 269 146 35 Verpligten

3572 304 72 28 LEd.
3661 305 56 26 üw.
3735 304 105 27 dienaar

3656 338 24 22 J.
3698 338 32 24 11.
3749 337 34 26 M.

3077 372 86 33 Hees,
3183 372 33 34 bij
3235 371 159 34 Nl.__G_-,
3413 374 27 25 31
3462 369 142 30 December
3624 371 67 24 1869.

3131 531 717 1 HANDELSBERIGTEN.

3234 618 229 26 AMSTERDAM,
3481 617 130 27 Maandag
3628 620 15 21 3
3660 615 116 26 Januari.

3073 663 242 24 OVERZICHT
3335 664 81 22 VAN
3436 664 84 22 DEN
3539 663 170 24 HANDEL
3725 663 46 22 IN
3790 663 154 22 TABAK.

3079 693 52 25 He-t
3137 694 59 32 jaar
3208 699 60 21 1869
3279 697 70 24 heeft
3358 694 26 26 in
3394 697 30 25 de
3436 705 30 24 op
3477 704 60 17 onze
3548 694 86 25 markt
3645 693 79 25 meest
3735 691 185 26 voorkomende
3937 691 30 24 be-

3046 724 81 26 kende
3145 726 182 27 hoofdsoorten
3340 728 97 26 slechts
3454 737 46 17 een
3516 733 123 27 gewonen
3657 725 59 32 loop
3732 732 51 17 van
3800 724 80 25 zaken
3898 722 81 33 geluid

3047 765 32 17 en
3094 758 50 32 zijn
3162 759 87 26 daarin
3269 767 78 31 geene
3365 759 70 27 sterk
3450 761 27 25 in
3496 762 45 24 het
3557 767 50 25 oog
3625 757 123 33 loopende
3764 756 217 32 prijsfluktuatien

3047 791 195 30 voorgekomen,
3260 791 172 32 daarentegen
3450 785 178 33 ondervonden
3646 789 90 28 enkele
3752 789 110 28 soorten,
3881 788 39 26 die
3933 788 46 31 wij,

3045 822 110 33 jammer
3177 831 115 27 genoeg,
3309 833 52 25 nog
3377 824 85 27 steeds
3478 834 79 17 eenen
3574 830 70 20 meer
3661 820 233 35 ondergeschikten
3917 828 65 25 rang

3050 862 31 25 op
3098 863 60 18 onzo
3176 857 85 25 markt
3278 857 56 25 zien
3347 856 150 32 bekleeden,
3515 859 45 24 ten
3575 856 110 32 gevolge
3698 863 51 17 van
3757 862 58 17 zeer
3822 853 159 33 ingrijpende

3050 888 237 33 omstandigheden,
3306 898 60 18 eene
3385 891 46 33 vrij
3450 888 157 35 belangrijke
3625 888 99 33 rijzing.

3080 920 137 33 Maryland
3234 921 100 26 leverde
3352 932 46 15 een
3413 924 47 31 vrij
3482 924 65 31 goed
3565 931 84 24 gewas
3666 921 52 25 wat
3735 918 128 27 kwaliteit
3878 917 105 31 betreft,

3051 952 31 26 de
3098 952 74 25 kleur
3190 953 46 25 liet
3254 954 86 26 echter
3359 963 59 18 over
3436 956 46 25 het
3498 956 132 32 algemeen
3647 953 56 26 veel
3719 954 26 24 te
3771 951 136 26 wenschen
3925 957 60 18 over

3051 992 32 18 en
3109 984 94 27 blanke
3227 986 80 26 tabak
3333 987 69 25 werd
3419 989 110 25 schaars.
3573 986 133 27 Ordinaire
3732 992 52 18 was
3809 981 175 27 voortdurend

3052 1025 56 17 zeer
3124 1018 137 32 gevraagd,
3279 1026 31 17 en
3327 1018 109 27 bestond
3452 1028 27 17 er
3497 1019 183 26 aanhoudende
3699 1017 118 27 behoefte
3835 1023 64 18 naar
3925 1015 45 25 bla-

3052 1048 58 35 dige
3126 1049 87 27 tabak.
3248 1044 56 33 Ook
3321 1051 97 26 zouden
3436 1052 137 26 voorzeker
3591 1052 31 26 de
3639 1051 96 33 prijzen
3754 1049 174 32 belangrijker
3935 1048 48 31 zijn

3051 1082 172 33 gemonteerd,
3252 1083 52 26 dan
3330 1091 35 18 nu
3390 1084 46 25 het
3451 1084 76 32 geval
3548 1084 21 26 is
3587 1084 126 33 geweest,
3731 1082 86 26 indien
3835 1090 58 17 men
3911 1081 26 25 in
3953 1080 31 25 de

3053 1114 96 31 billijke
3167 1115 94 33 prijzen
3281 1123 51 18 van
3347 1115 222 28 konkuaxeerende
3587 1108 161 35 kerisoorten
3772 1123 78 25 geene
3876 1114 46 32 vrij
3941 1113 30 25 be-

3053 1142 154 37 vredigende
3224 1149 152 31 surrogaten
3393 1149 51 25 had
3462 1149 139 33 gevonden.

3087 1180 27 24 In
3144 1180 137 37 Kentucky
3304 1188 31 18 en
3363 1181 115 30 Yirginie
3503 1182 91 26 tabak,
3622 1181 102 26 hadden
3754 1180 40 32 wij
3816 1181 44 24 ten
3878 1178 107 33 gevolge

3052 1219 51 17 van
3119 1220 92 24 vroege
3228 1213 142 30 berichten,
3387 1214 40 24 uit
3444 1214 32 25 de
3494 1214 207 25 amerikaansche
3718 1214 87 24 staten
3830 1213 155 28 ontvangen.

3052 1250 50 18 van
3118 1252 46 17 een
3182 1245 107 32 grooten
3307 1245 78 34 oogst
3404 1245 45 26 der
3465 1246 208 33 eerstgenoemde
3692 1246 71 25 soort
3780 1253 80 17 eenen
3876 1244 93 31 belang-

3052 1276 111 31 rijkeren
3180 1278 83 22 omzet
3281 1277 137 30 verwacht,
3444 1278 65 24 doch
3535 1273 40 28 'die
3600 1286 144 17 aanvoeren
3761 1277 93 25 bleven
3870 1277 57 30 uit,
3954 1283 32 18 en

3053 1315 52 18 was
3123 1306 125 26 daardoor
3266 1307 47 25 ook
3332 1309 30 25 de
3379 1309 93 25 handel
3490 1317 48 17 van
3557 1310 93 31 weinig
3669 1309 154 26 beteekenis.

3085 1339 72 26 Java.
3176 1339 93 26 Waren
3287 1339 30 25 de
3334 1341 223 32 verwachtingen,
3576 1341 40 25 die
3633 1348 59 19 men
3700 1341 28 26 in
3738 1341 48 26 het
3796 1339 133 34 algemeen
3937 1345 48 20 van

3053 1371 48 26 den
3122 1375 59 22 1868
3181 1375 31 22 er
3229 1371 74 33 oogst
3317 1371 133 26 koesterde
3468 1372 72 25 reeds
3556 1371 56 26 niet
3628 1372 70 33 hoog
3713 1380 155 26 gespannen,
3886 1371 31 26 de
3935 1371 39 26 uit-

3052 1404 85 26 komst
3154 1404 71 26 heeft
3242 1404 26 25 in
3288 1404 54 25 vele
3361 1404 135 32 opzichten
3516 1403 124 34 bewezen,
3664 1404 45 26 dat
3724 1413 58 18 men
3800 1404 56 26 zich
3873 1404 99 32 den^toe-

3052 1436 76 27 stand
3146 1436 54 26 ni.-t
3221 1436 96 37 onjuist
3334 1436 51 25 luid
3402 1436 216 32 voorgespiegeld.
3635 1436 89 26 Indien
3743 1436 39 33 wij
3801 1436 60 26 toch
3879 1436 31 25 de
3928 1443 44 25 pro-

3052 1469 97 26 dukten
3169 1469 45 26 der
3230 1468 98 26 diverse
3346 1467 139 27 distrikten
3500 1475 46 18 ons
3565 1475 63 19 voor
3645 1475 80 25 oogen
3745 1469 107 30 stellen,
3865 1469 48 24 dan
3925 1469 47 22 kun-

3052 1511 50 18 nen
3118 1501 40 33 wij
3177 1501 31 26 de
3224 1501 132 33 uitspraak
3373 1501 54 24 niet
3444 1500 180 34 terughouden
3640 1501 45 24 dat
3693 1501 46 24 het
3748 1501 94 24 laatste
3852 1507 84 24 gewas
3944 1501 44 22 ten

3053 1534 71 26 deele
3139 1534 96 26 slechts
3252 1533 180 32 middelmatig
3449 1541 31 15 en
3496 1541 63 15 voor
3574 1541 47 15 een
3641 1534 76 27 groot
3735 1533 56 22 deel
3808 1539 56 17 zeer
3891 1539 83 22 ongun-

3053 1567 52 32 stig
3122 1567 21 24 is
3158 1566 175 32 uitgevallen,
3359 1564 96 26 zoowel
3480 1564 27 25 in
3531 1563 128 26 kwaliteit
3685 1563 38 25 als
3748 1563 74 24 kleur
3839 1561 76 25 stond
3932 1560 43 26 het-

3053 1599 69 26 zelve
3142 1606 61 18 voor
3228 1597 46 26 het
3289 1597 131 26 fabrikaat
3437 1605 50 17 van
3503 1596 103 33 sigaren
3621 1603 72 18 verre
3711 1594 90 25 achter
3826 1594 46 25 het
3900 1596 59 25 1867
3959 1596 30 25 er

3053 1638 92 27 gewas,
3164 1638 32 19 en
3213 1638 47 19 zou
3278 1630 30 26 de
3328 1630 59 34 loop
3404 1629 45 27 der
3468 1629 96 34 prijzen
3581 1628 81 26 veelal
3683 1633 52 26 nog
3754 1625 170 44 ongunstiger
3940 1625 48 32 zijn

3052 1665 125 32 geweest,
3211 1664 87 26 indien
3324 1655 31 35 de
3380 1663 66 27 Java
3472 1662 80 26 tabak
3581 1662 83 26 alleen
3697 1661 41 25 tot
3777 1659 45 25 dat
3856 1655 131 31 doeleinde

3051 1697 53 26 had
3119 1698 103 25 moeten
3239 1697 104 26 worden
3359 1696 137 34 gebruikt;
3515 1695 63 27 daar
3602 1701 27 20 er
3646 1693 91 27 echter
3754 1700 46 18 een
3817 1691 96 26 ruimer
3930 1691 59 26 veld

3051 1739 63 19 voor
3138 1730 41 27 die
3204 1730 71 26 soort
3304 1737 65 26 open
3396 1729 51 40 ligt
3463 1736 32 19 en
3511 1728 31 27 de
3559 1726 250 35 marktgesteldheid
3827 1733 48 19 van
3894 1723 92 30 andere

3052 1765 103 26 soorten
3171 1763 106 26 daartoe
3298 1763 178 30 medewerkte,
3495 1762 102 26 werden
3613 1762 31 25 de
3660 1762 41 25 tot
3718 1760 92 26 andere
3837 1757 150 27 doeleinden

3052 1798 133 34 geschikte
3206 1798 104 27 soorten
3327 1796 72 27 beter
3417 1795 105 28 betaald
3540 1795 50 26 dan
3607 1795 92 26 anders
3717 1794 44 26 het
3782 1793 74 33 geval
3874 1801 46 18 zou
3939 1791 48 34 zijn

3051 1832 112 54 feweest
3180 1839 31 15 en
3229 1839 66 21 was,
3313 1830 97 25 hoewel
3430 1837 60 18 over
3509 1830 46 25 het
3569 1828 132 32 algemeen
3718 1827 54 24 niet
3794 1822 193 34 bevredigend.-,

3070 1870 12 17 e
3099 1861 125 25 uitkomst
3241 1867 63 19 voor
3320 1860 248 32 belanghebbenden
3585 1859 61 25 toch
3663 1865 52 25 nog
3731 1857 53 25 niet
3790 1865 45 17 zoo
3846 1857 142 32 ongunstig

3052 1893 38 26 als
3106 1893 57 25 zich
3181 1892 181 31 aanvankelijk
3378 1892 48 25 liot
3444 1890 113 26 aanzien.

3085 1925 52 25 Het
3162 1924 112 31 produkt
3296 1930 50 20 van
3364 1922 119 30 Kediric,
3501 1923 45 24 ten
3563 1920 106 32 vorigen
3683 1920 58 32 jaro
3757 1926 46 19 zoo
3822 1919 165 26 uitmuntend

3052 1956 131 33 geslaagd,
3209 1963 52 17 was
3286 1955 78 25 thans
3389 1954 172 26 meerendeels
3585 1946 90 33 helder
3702 1961 31 19 en
3757 1952 65 26 bont
3839 1959 50 19 van
3906 1951 81 30 kleur,

3053 1988 94 31 smerig
3164 1995 32 18 en
3213 1987 148 39 zoetachtig
3377 1995 31 17 en
3424 1994 63 18 voor
3503 1985 111 27 dekblad
3632 1985 93 34 weinig
3743 1984 125 34 geschikt.
3887 1984 102 26 Slechts

3052 2020 34 32 bij
3105 2019 181 32 uitzondering
3301 2017 57 27 trof
3371 2027 58 17 men
3446 2019 89 26 enkele
3553 2020 129 33 partijtjes
3698 2027 57 24 aan,
3764 2019 40 26 die
3816 2017 171 33 eenigcrmate

3056 2059 50 19 aan
3123 2050 31 26 de
3171 2050 161 26 vereischten
3348 2050 102 27 konden
3468 2050 116 28 voldoen.

3085 2085 107 34 Malang
3208 2085 103 26 leverde
3330 2085 47 26 wol
3394 2086 20 25 is
3431 2093 69 18 waar
3519 2094 46 18 eon
3581 2086 26 26 in
3624 2086 163 32 verhouding
3798 2086 56 26 veel
3862 2086 74 25 boter
3945 2092 30 26 ge-

3053 2125 60 21 was,
3131 2115 65 27 doch
3213 2117 31 26 de
3260 2117 76 26 kleur
3352 2117 47 26 liet
3416 2118 132 33 insgelijks
3566 2118 56 27 veel
3638 2119 27 25 te
3683 2117 136 28 wenschen
3836 2125 67 20 over.

3086 2150 133 33 Rembang
3236 2150 80 27 tabak
3333 2151 72 26 heeft
3422 2145 178 39 grooténnleels
3617 2151 118 26 voorzien
3761 2151 27 26 in
3811 2151 31 25 de
3868 2150 120 26 behoefte

3053 2190 48 18 aan
3128 2183 102 32 bladige
3254 2183 128 27 kerfsoort
3399 2191 61 19 voor
3476 2192 61 18 eene
3554 2184 126 32 naburige
3702 2184 87 25 markt
3807 2190 32 18 en
3865 2190 61 18 voor
3944 2190 45 17 zoo

3053 2223 72 17 verre
3144 2216 41 25 die
3201 2215 43 27 tot
3259 2216 46 25 dat
3321 2216 132 26 doeleinde
3471 2217 152 33 ongeschikt
3640 2224 60 22 was,
3726 2216 81 25 moest
3833 2215 46 25 het
3904 2222 85 25 gewas

3053 2248 171 26 meerendeels
3240 2249 41 25 tot
3298 2249 198 33 ombladprijzen
3522 2250 103 26 worden
3643 2246 177 34 gerealiseerd.

3089 2280 85 26 Onder
3190 2281 46 25 het
3255 2281 112 32 produkt
3384 2274 241 40 van'Loemadjang
3641 2282 117 24 kwamen
3783 2277 90 26 enkele
3894 2284 52 24 nog
3963 2277 26 24 al

3052 2310 107 34 gewilde
3176 2313 105 27 merken
3298 2321 71 25 voor,
3387 2314 120 27 ofschoon
3517 2315 46 26 het
3572 2311 202 28 hoofdkarakter
3782 2316 84 19 zwaar
3874 2316 32 18 en
3914 2309 60 26 rood-

3052 2344 89 33 achtig
3157 2353 50 18 van
3222 2346 78 27 kleur
3311 2355 58 18 was.
3402 2347 39 26 De
3458 2356 51 18 van
3524 2348 47 25 het
3587 2347 89 35 vorige
3693 2352 85 26 gewas
3803 2341 185 33 overgebleven

3052 2378 112 32 Tempeh
3181 2379 103 26 werden
3299 2379 27 26 in
3341 2379 97 34 veiling
3455 2381 43 24 tot
3513 2380 84 32 hooge
3614 2383 97 28 prijzen
3728 2373 178 34 gerealiseerd.

3084 2409 38 26 De
3139 2409 79 27 tabak
3236 2412 39 25 uit
3293 2412 67 32 Solo,
3377 2412 208 26 Vorstenlauden
3604 2419 31 18 en
3651 2404 97 35 Kadoe,
3767 2406 123 26 ofschoon
3912 2414 61 19 even-

3052 2443 53 25 min
3122 2451 51 18 van
3190 2444 45 25 het
3253 2445 145 32 algemeene
3416 2445 73 26 euvel
3508 2445 46 32 vrij
3574 2445 26 25 te
3619 2440 104 37 pleiten,
3735 2439 69 25 werd
3821 2438 54 27 niet
3891 2447 83 25 ongun-

3052 2476 52 32 stig
3122 2481 164 27 opgenomen,
3304 2484 32 19 en
3353 2473 100 30 leverde
3471 2477 47 32 vrij
3537 2474 139 27 voldoende
3694 2471 144 26 resultaten
3857 2478 39 25 op.

3085 2507 85 25 Onder
3187 2507 30 26 de
3233 2509 80 27 tabak
3330 2518 50 17 van
3397 2510 132 30 Bezoekie,
3547 2509 97 26 alwaar
3661 2505 31 25 de
3713 2503 125 33 aanplant
3865 2511 58 18 zeer
3934 2512 54 19 was

3051 2539 183 33 ingekrompen
3260 2550 31 17 en
3308 2543 80 25 veelal
3409 2551 32 24 op
3457 2542 92 26 andere
3568 2541 77 31 wijze,
3659 2538 50 24 dan
3719 2543 106 22 vroeger
3836 2536 151 31 behandeld,

3052 2572 102 25 werden
3170 2572 89 26 enkele
3278 2575 104 25 merken
3399 2572 193 33 aangetroffen,
3609 2569 40 27 die
3670 2569 52 26 met
3749 2568 46 33 vrij
3813 2567 66 34 goed
3896 2568 92 34 gevolg

3051 2604 51 26 met
3122 2604 30 27 de
3169 2606 72 26 beste
3259 2609 103 24 soorten
3379 2616 51 17 van
3448 2607 39 25 dit
3503 2613 85 25 gewas
3607 2601 216 27 konkurrcerden.

3084 2636 52 26 Het
3161 2646 48 17 van
3239 2639 120 25 Sumatra
3383 2637 176 28 aangevoerde
3581 2642 100 25 gewas,
3709 2633 113 25 hetwelk
3839 2631 34 32 bij
3892 2631 97 25 uitstek

3051 2668 65 25 licht
3126 2678 47 15 van
3193 2672 70 24 soort
3275 2679 51 18 was
3343 2679 31 19 en
3391 2672 26 26 te
3435 2666 59 31 'dien
3513 2666 102 35 opzigte
3633 2674 45 18 zoo
3694 2663 131 34 bijzonder
3834 2665 109 32 gunstig
3950 2665 26 25 af-

3050 2700 59 27 stak
3135 2701 33 31 bij
3187 2701 31 26 de
3239 2702 80 30 Java,
3337 2704 98 26 hoewel
3454 2701 143 27 daaronder
3621 2706 52 25 nog
3697 2694 25 28 al
3749 2696 56 25 veel
3831 2695 99 32 sj.ikkel
3957 2705 32 18 en

3050 2734 98 30 ongaaf
3163 2727 63 32 blad
3242 2735 162 31 voorkwam,
3422 2735 71 25 werd
3511 2740 56 19 zeer
3585 2732 69 37 hoog
3670 2728 112 27 betaald.

3081 2765 110 27 Manilla
3210 2766 94 28 tabak:
3324 2777 119 17 waarvan
3461 2767 26 26 in
3503 2766 100 26 lateren
3620 2763 48 33 tijd
3678 2763 46 25 het
3737 2759 122 26 verbruik
3868 2767 57 18 zeer
3933 2760 43 25 toe-

3050 2806 124 25 genomen
3193 2806 66 22 was,
3275 2800 22 24 is
3314 2809 48 15 aan
3380 2800 85 25 sterke
3483 2797 137 26 tiuktuatie
3639 2793 157 30 onderhevig
3813 2793 119 30 geweest.
3950 2792 39 24 De

3050 2831 81 25 eerste
3141 2831 201 31 aanvoer,welke
3351 2832 113 25 daarvan
3474 2830 26 26 in
3509 2826 135 35 Engeland
3653 2825 84 35 plaats
3746 2823 74 32 vond,
3839 2831 52 18 was
3908 2824 65 25 tame-

3050 2863 45 32 lijk
3116 2863 174 32 bevredigend
3306 2872 50 17 van
3372 2864 145 28 kwaliteit,
3527 2870 32 18 en
3569 2859 71 26 werd
3650 2856 213 32 dientengevolge
3878 2856 41 25 tot
3935 2857 43 31 stij-

3050 2895 81 35 gende
3141 2895 96 33 prijzen
3244 2896 154 26 meermalen
3409 2895 131 31 verkocht,
3552 2891 89 27 vooral
3650 2889 48 27 ook
3707 2888 86 27 omdat
3803 2896 58 18 men
3870 2888 59 26 toen
3939 2895 50 25 nog

3050 2936 26 18 m
3094 2928 30 25 de
3141 2928 234 32 veronderstelling
3391 2927 145 28 verkeerde,
3555 2926 45 25 dat
3618 2931 28 17 er
3664 2921 93 33 weinig
3776 2928 69 19 meer
3862 2921 63 25 door
3944 2921 45 25 het

3050 2960 138 33 spaansche
3214 2961 200 31 goevernement
3428 2961 46 24 ten
3493 2957 112 31 verkoop
3622 2963 46 17 zou
3687 2953 103 26 worden
3815 2953 174 33 aangeboden.

3050 2993 112 33 Spoedig
3171 2992 89 27 echter
3269 2992 155 26 veranderde
3435 2992 31 25 de
3474 2989 93 33 positie
3578 2998 31 17 en
3618 2987 100 26 werden
3730 2995 32 24 op
3771 2986 106 26 Manilla
3888 2986 86 25 achter-

3050 3025 157 28 eenvolgend
3219 3025 128 26 m.-erdere
3356 3025 129 32 veilingen
3498 3021 151 39 gehouden,
3669 3028 118 17 waarvan
3806 3019 30 26 de
3852 3018 84 27 uitval
3944 3018 45 27 der

3050 3058 129 27 kwaliteit
3195 3058 120 32 eindelijk
3333 3065 45 18 zoo
3396 3057 142 32 ongunstig
3553 3054 76 27 bleek
3645 3052 27 28 te
3691 3053 57 33 zijn,
3767 3053 46 26 dat
3829 3060 32 26 op
3874 3058 74 21 verre
3956 3058 33 19 na

3051 3092 31 25 de
3107 3091 87 33 vorige
3220 3090 97 35 prijzen
3343 3098 61 18 voor
3429 3089 32 27 de
3485 3089 99 27 nieuwe
3602 3087 79 26 tabak
3702 3087 53 26 niet
3774 3096 69 18 meer
3859 3087 26 25 te
3896 3084 77 28 bedin-

3050 3132 48 26 gen
3115 3132 86 19 waren
3219 3124 54 27 niet
3291 3124 91 33 alleen,
3399 3131 71 19 maar
3487 3123 46 27 dat
3549 3123 50 26 alle
3617 3122 216 33 spekulatiegeest
3850 3119 69 27 werd
3937 3118 39 27 uit-

3050 3157 110 37 gedoofd
3185 3168 31 18 en
3242 3159 117 34 gesloten
3384 3158 111 33 partijen
3519 3150 130 44 moeielijk
3667 3163 69 18 meer
3761 3163 50 18 aan
3830 3155 27 26 te
3874 3154 115 32 brengen

3050 3201 93 24 waren,
3161 3193 141 34 bepalende
3318 3193 57 25 zich
3391 3191 31 25 de
3439 3197 80 24 vraag
3537 3188 152 26 uitsluitend
3707 3188 78 24 thans
3802 3188 41 22 tot
3860 3185 129 26 bohoefte.

3050 3227 66 26 Onze
3143 3223 86 27 markt
3255 3223 120 25 bedeelde-
3402 3222 57 24 zich
3483 3221 149 25 intusschen
3656 3219 97 25 slechts
3771 3217 94 30 weinig
3885 3217 34 30 bij
3938 3216 51 24 alle

3050 3257 59 25 deze
3128 3254 141 33 operatiën.
3768 3281 5 4 .

3081 3289 116 27 Hayana,
3217 3286 77 28 Vara,
3312 3285 72 26 Cuba
3402 3283 157 25 verkeerden
3574 3280 175 26 voortdurend
3767 3288 26 15 m
3804 3280 96 30 willige
3911 3280 63 22 stem-

3050 3319 85 32 ming,
3162 3318 89 26 vooral
3267 3314 162 33 binnengoed
3446 3322 32 18 en
3495 3312 104 27 omblad
3617 3312 69 26 werd
3702 3312 41 25 tot
3761 3309 84 27 steeds
3861 3308 128 34 stijgendo

3050 3353 96 31 prijzen
3163 3358 50 18 van
3231 3350 32 26 de
3281 3348 86 25 markt
3384 3354 133 25 genomen.
3894 3372 8 12 ,
3950 3371 26 8 ...

3081 3383 102 28 Brazil,
3210 3381 51 26 oud
3285 3387 100 25 gewas,
3405 3385 57 18 zeer
3480 3377 109 33 gezocht
3605 3384 32 17 en
3654 3376 99 25 ruimde
3774 3376 40 24 tot
3833 3376 84 22 steeds
3934 3376 44 27 stij-

3050 3416 81 33 gende
3151 3415 96 33 prijzen
3265 3419 132 25 nagenoeg
3415 3410 91 32 geheel
3526 3417 39 25 op.
3591 3409 70 25 Voor
3681 3406 89 26 Tabak
3787 3413 51 19 van
3856 3405 47 25 den
3922 3403 53 27 laat-

3050 3450 57 25 sten
3226 3446 40 26 die
3285 3443 142 32 ongunstig
3442 3442 99 26 uitviel,
3559 3441 110 26 bestond
3685 3439 94 32 weinig
3795 3438 129 32 kooplust.

3081 3481 21 8 T-»
3137 3469 77 22 l_2_»«.
3292 3478 20 8 t
3332 3485 5 1 _
3348 3477 4 4 •
3417 3482 12 5 ..
3468 3475 38 12 j-..
3533 3478 4 7 <
3548 3483 6 2 -
3563 3472 96 13 ___iv«-.a.
3899 3470 17 14 ii
3924 3476 11 8 M
3943 3469 34 15 -li

3050 3495 50 30 teit
3116 3495 138 28 ontbreekt
3272 3495 70 35 bijna
3357 3495 99 34 geheel.
3481 3494 117 33 Vaiïnas,
3609 3493 27 28 in
3653 3491 83 30 rollen
3754 3501 31 20 en
3801 3485 106 40 bladen,
3926 3501 47 19 wer-

3050 3531 47 25 den
3115 3540 33 15 nu
3167 3540 31 15 en
3215 3530 50 25 dan
3282 3523 113 31 iiulirèkt
3412 3528 174 32 aangeboden,
3604 3527 65 25 doch
3681 3527 99 24 vonden
3793 3527 93 32 weinig
3895 3527 92 25 aftrek.

3080 3562 57 26 Van
3163 3562 169 32 europeesche
3348 3560 103 28 soorten
3467 3560 124 32 verkreeg
3606 3557 189 33 hoofdzakelijk
3811 3557 176 34 hongaarsche

3050 3594 86 30 tabak,
3155 3594 63 25 door
3237 3594 76 32 lagen
3330 3594 69 32 prijs,
3415 3594 110 33 grooten
3541 3592 98 32 ingang
3656 3599 33 24 op
3706 3598 60 18 onze
3787 3592 85 22 markt
3883 3599 28 17 en
3924 3599 47 18 wer-

3050 3627 47 24 den
3117 3627 111 24 daarvan
3247 3625 168 34 aanzienlijke
3431 3625 111 35 partijen
3560 3621 161 32 aangevoerd
3730 3630 31 15 en
3771 3622 131 25 verkocht.
3919 3622 52 25 Hoe-

3050 3658 50 26 wel
3124 3658 31 26 de
3180 3658 94 34 prrjzen
3298 3658 113 26 daarvan
3430 3666 25 18 in
3476 3658 30 26 de
3524 3656 93 27 laatste
3637 3653 84 31 dagen
3738 3661 57 17 zeer
3811 3656 175 31 monteerden,

3048 3691 48 33 zijn
3115 3691 39 32 zij,
3170 3691 27 26 in
3214 3691 162 34 verhouding
3390 3692 43 26 tot
3448 3690 94 27 andere
3560 3686 129 28 ordinaire
3709 3685 187 27 tabaksoorten
3908 3707 5 11 ,
3935 3696 53 26 nog

3048 3724 60 33 laag
3133 3725 26 24 te
3183 3731 109 18 noemen
3317 3732 33 18 en
3376 3724 117 26 verdient
3513 3723 40 25 die
3572 3718 79 27 tabak
3670 3717 72 25 alzoo
3771 3725 52 25 nog
3839 3718 145 34 bijzondere

3048 3756 120 25 attentie.

3080 3789 56 26 Ook
3156 3790 26 25 in
3200 3789 135 32 grieksche
3352 3797 30 18 en
3400 3789 129 28 turksche,
3547 3785 34 32 bij
3602 3782 96 34 gebrek
3717 3789 48 18 aan
3775 3783 74 26 kleur
3857 3784 26 26 in
3893 3785 94 27 andere

3048 3822 112 26 soorten,
3178 3822 63 32 ging
3261 3822 113 33 tamelijk
3393 3821 56 26 veel
3467 3828 50 19 om.

3079 3854 138 27 Inlandsch
3244 3849 106 38 volgde'
3363 3854 27 26 in
3411 3854 47 26 het
3475 3850 151 33 afgeloopen
3640 3854 59 26 jaar
3719 3848 30 22 cle
3768 3848 120 33 gunstige
3905 3850 66 27 stem-

3047 3887 78 33 ming,
3144 3887 41 26 die
3202 3887 56 25 zich
3275 3895 61 18 voor
3356 3887 50 26 alle
3423 3882 185 28 tabaksoorten
3625 3887 27 18 m
3670 3880 31 22 de
3720 3880 58 30 lage
3797 3881 94 32 prijzen
3909 3892 61 24 open-

3047 3920 102 30 baarde,
3167 3927 32 18 en
3216 3919 69 26 werd
3302 3926 27 20 er
3348 3915 207 32 sukcessievelijk
3572 3920 51 19 van
3639 3911 83 26 ouden
3739 3913 125 26 voorraad
3876 3917 54 25 veel
3943 3925 30 25 op-

3046 3952 125 33 geruimd.
3206 3952 39 25 De
3267 3952 59 33 1869
3326 3952 119 33 er-oogst
3471 3951 21 24 is
3519 3953 59 20 over
3602 3945 47 25 het
3667 3944 131 32 algemeen
3817 3946 65 32 goed
3902 3948 71 33 uitge-

3046 3985 93 26 vallen.
3165 3985 53 25 Het
3236 3985 47 31 vrij
3301 3985 116 32 kleurige
3435 3981 78 27 aard-
3523 3989 32 17 en
3563 3977 132 32 zandgoed
3705 3977 69 25 werd
3784 3978 40 25 tot
3841 3979 145 35 verhoogde

3046 4018 96 32 prijzen
3159 4017 132 26 verkocht.
3667 4039 7 11 ,
3726 4037 7 13 ,
3807 4041 8 9 ,

3079 4045 31 31 In
3126 4049 132 34 bestgoed,
3276 4049 112 26 hetwelk
3406 4048 63 26 door
3485 4045 80 26 storm
3583 4048 51 26 nog
3651 4041 25 25 nl
3693 4041 106 32 geleden
3808 4042 72 28 heeft
3888 4052 31 18 en
3928 4045 59 27 dien

3046 4084 45 24 ten
3107 4082 107 33 gevolge
3240 4089 70 19 meer
3335 4081 116 26 uitschot
3467 4080 52 24 dan
3535 4072 154 35 gewoonlijk
3706 4072 40 25 zal
3763 4072 135 33 opleveren
3909 4097 6 11 ,
3934 4087 52 18 was

3047 4123 51 25 nog
3115 4122 65 26 geen
3198 4115 102 25 handel.
3503 4123 1 2 ■
3680 4135 25 13 TT

3365 4143 94 35 Maryl.
3477 4141 72 33 Virg.
3585 4135 77 30 Kent.
3679 4135 66 27 Hav.
3780 4136 73 30 Dom.
3895 4141 73 28 Java.

3046 4180 133 27 Voorraad
3198 4187 32 25 op
3247 4179 83 33 primo

3078 4212 110 27 Januari
3208 4214 61 24 1869
3377 4212 64 25 2666
3509 4207 30 26 17
3605 4215 31 5 —
3703 4202 32 24 *«
3801 4217 31 5 —
3896 4209 85 27 5,029.

3046 4246 119 25 Aanvoer
3182 4246 27 24 in
3229 4246 60 24 1869
3380 4245 65 22 6026
3493 4239 50 22 355
3609 4237 32 22 78
3705 4235 32 22 45
3801 4239 32 24 72
3881 4241 100 27 56,387.

3048 4278 117 32 Verkoop
3182 4277 27 25 in
3230 4276 72 26 Idem
3376 4276 65 25 8073
3490 4272 50 25 372
3608 4267 28 25 ;8
3702 4266 31 24 8.
3804 4271 27 22 ,2
3881 4273 100 27 53,674.

3046 4309 133 28 Voorraad
3193 4309 30 26 I°.
3234 4307 59 26 Jan.
3306 4307 135 28 1870.619
3500 4315 32 5 —
3606 4311 31 5 —
3703 4311 32 4 —
3801 4313 31 5 —
3898 4306 72 27 7/742

3302 4393 250 1 OVERZICHT
3580 4393 84 1 VAN
3691 4393 84 1 DEN
3802 4393 159 1 HANDEL
3960 4393 2 1 IN
3960 4393 2 1 HUIDEN

3080 4394 98 32 EN
3228 4394 294 32 HOORNS
3570 4394 98 32 IN
3717 4394 244 32 1869.

3079 4440 69 26 Voor
3175 4435 280 28 zuid-amerikaansche
3472 4440 32 18 en
3524 4435 183 20 oost-indische
3733 4435 103 19 soorten
3859 4435 72 24 bleef
3956 4435 28 25 de

3047 4470 138 30 stemming
3209 4467 146 33 gedurende
3381 4467 45 26 het
3452 4462 151 38 afgeloopen
3622 4465 74 25 jaar,
3715 4465 61 19 over
3793 4461 45 26 het
3854 4463 130 34 algemeen

3047 4512 57 18 zeer
3128 4502 142 27 voldoende
3298 4509 32 17 en
3357 4507 86 18 waren
3465 4498 59 25 dien
3541 4494 45 25 ten
3606 4489 107 33 gevolge
3730 4489 94 30 handel
3842 4502 31 18 en
3889 4499 94 33 prijzen

3047 4544 57 19 zeer
3120 4533 175 33 bevredigend
3312 4540 31 19 en
3361 4526 163 32 animeerend
3540 4530 63 21 voor
3620 4522 30 24 de
3669 4525 176 27 aanvoerders.

3078 4570 38 26 De
3135 4553 142 43 aanvoeren
3296 4566 45 26 der
3358 4565 94 26 laatste
3470 4560 54 27 tien
3536 4563 78 28 jaren
3631 4560 86 19 waren
3736 4556 38 26 als
3791 4559 90 32 volgt:

3117 4604 70 27 1860,
3208 4603 102 27 100,075
3327 4598 73 26 stuks
3609 4591 56 25 »('5.
3699 4591 44 26 W»,
3743 4591 45 26 652
3839 4603 12 12 «

3116 4636 69 27 1861,
3204 4636 103 26 123,459
3359 4639 12 15 »
3596 4623 69 44 |_™'
3687 4623 102 44 ,???*_?

3113 4669 61 22 IBfi2
3207 4668 100 22 105724
3359 4672 12 15 *
3598 4658 67 22 ioo/,
3687 4658 98 24 ii4,.oi
3840 4667 12 13 //

3115 4701 66 27 1863.
3217 4701 91 26 8(1.133
3359 4706 12 12 n
3598 4687 69 48 \lf'
3687 4685 100 50 J^-133
3839 4698 12 13 

3115 4733 67 28 1864,
3216 4733 89 27 73,032
3359 4739 12 9 «
3596 4720 63 22 1869
3661 4735 6 11 '
3687 4720 45 24 137
3733 4720 52 27 '521

3079 4767 132 27 Voorraad
3228 4768 40 26 P°.
3285 4763 125 30 Januari:

3115 4804 69 28 1861,
3200 4804 90 27 24,487
3307 4798 80 27 stuks.
3607 4788 56 27 866,
3700 4787 69 28 1,960
3785 4788 81 28 stuks.

3113 4835 171 28 1862,38,631
3341 4841 12 12 «
3607 4821 54 26 *.7,
3698 4820 72 28 2,6,5
3821 4833 12 13 „

3115 4869 71 27 1863,
3203 4869 89 27 24,967
3344 4872 12 14 *
3606 4854 56 24 *68,
3696 4853 73 27 *#*

3115 4900 70 28 1864,
3201 4900 90 28 34,483
3343 4905 12 13 «
3593 4886 69 46 }_*£'
3698 4886 71 46 r
3808 4886 18 46 3

3117 4933 58 21 1865
3206 4932 84 22 1.374
3341 4937 12 13 ii
3594 4924 28 18 t<i
3627 4924 34 20 lil,
3698 4924 21 20 ti,
3722 4924 47 17 o/b
3820 4929 12 14 »

3079 4950 286 46 Verkoopenbeliepen
3383 4956 25 25 in
3430 4954 61 25 1869
3520 4950 103 28 161,933
3640 4946 80 26 stuks.
3754 4946 39 28 De
3810 4954 125 28 voorraad
3952 4963 31 26 op

3047 4993 40 25 P°.
3106 4995 107 26 Januari
3234 4997 63 25 1870
3312 4988 103 30 bestaat
3432 4985 40 24 uit
3493 4984 60 25 1137
3572 4980 73 26 stuks
3661 4977 67 30 Java
3736 4981 103 34 runder,
3855 4989 47 24 589
3911 4988 73 26 stuks

3048 5024 53 28 dito
3123 5027 78 27 buffel
3220 5035 32 18 en
3269 5028 64 24 4800
3348 5021 73 27 stuks
3439 5015 123 28 Calcutta
3579 5013 103 26 huiden.

3078 5059 154 27 Inlandsche
3250 5056 142 30 artikelen,
3409 5046 185 33 voornamelijk
3609 5044 126 33 gezouten
3752 5044 96 30 huiden
3865 5059 32 18 en
3912 5053 71 26 vette

3047 5091 151 26 kalfsvellen
3215 5088 180 30 ondervonden
3412 5079 136 40 geregelde
3563 5082 81 28 vraag
3661 5085 31 17 en
3710 5079 46 22 dus
3772 5080 48 25 ook
3833 5082 41 25 tot
3889 5086 93 32 weinig

3047 5122 162 28 varieerende
3226 5124 110 35 prijzen,
3353 5117 120 31 koelante
3491 5112 131 35 plaatsing
3638 5115 63 19 voor
3718 5113 141 30 exportatie

3078 5157 131 26 Nuchtere
3226 5156 152 26 kalfsvellen
3397 5148 105 30 deelden
3520 5145 96 27 slechts
3633 5150 106 24 eemgen
3755 5144 48 33 tijd
3821 5153 26 18 m
3862 5148 30 24 de
3902 5150 79 31 goede

3047 5187 117 34 meening
3181 5198 31 17 en
3230 5189 100 26 werden
3351 5186 43 27 tot
3409 5185 87 32 lagere
3513 5184 97 28 prijzen
3626 5176 148 31 afgegeven.

3079 5220 211 26 Paardenhuiden
3308 5220 40 26 tot
3364 5220 112 30 hoogere
3493 5217 97 27 prijzen
3605 5210 54 22 met
3674 5210 57 22 veel
3745 5215 79 28 vraag
3841 5219 61 19 voor
3919 5213 63 26 kon-

3076 5274 71 39 Van'
3159 5288 93 25 hoorns
3278 5284 103 27 werden
3396 5278 90 34 eenige
3510 5272 112 37 partijen
3647 5269 276 34 zuid-amerikaansche
3950 5288 32 17 en

3047 5320 182 24 oost-indische
3247 5319 79 25 buffel
3343 5317 27 25 in
3387 5310 119 38 publieke
3524 5307 97 30 veiling
3638 5313 31 15 en
3687 5303 34 32 bij
3748 5306 168 37 inschrijving
3940 5313 41 24 tot

3047 5349 143 32 verhoogde
3207 5352 96 30 prijzen
3319 5346 132 28 verkocht.

3077 5381 154 27 Inlandsche
3256 5392 84 18 ossen-
3364 5388 32 19 en
3420 5375 144 30 koehoorns
3581 5368 93 27 bleven
3691 5367 90 33 geheel
3809 5370 116 30 verlaten
3948 5382 33 18 en

3047 5413 52 26 niet
3116 5414 51 25 dan
3184 5415 40 24 tot
3241 5415 93 25 uiterst
3354 5414 57 31 lage
3429 5409 96 34 prijzen
3542 5411 47 18 aan
3607 5405 28 21 te
3654 5407 120 26 «engen.

3076 5446 39 26 De
3133 5454 143 19 aanvoeren
3291 5446 143 27 bestonden
3452 5441 27 28 in
3498 5440 63 25 1869
3586 5434 40 25 uit
3643 5434 89 47 48^60
3746 5432 73 27 stuks
3841 5435 125 30 zuid-ame-

3047 5478 148 26 rikaansche
3213 5489 32 17 en
3260 5483 90 28 20,770
3366 5478 73 26 stuks
3456 5476 30 26 O.
3502 5471 21 28 I.
3541 5466 183 30 buftelhoorns.

3077 5541 70 27 Voor
3163 5542 50 27 den
3229 5532 367 38 KATOErV-HArVDEI.
3615 5528 150 27 kenm.-rkte
3782 5528 57 26 zich
3855 5530 109 37 hetafge-

3045 5574 91 32 loopen
3150 5576 59 32 jaar
3226 5576 63 25 door
3306 5572 168 34 afwezigheid
3491 5577 50 18 van
3557 5562 131 38 politieke,
3706 5561 146 26 finantieele
3867 5572 31 17 en
3908 5565 53 26 kom-

3045 5604 132 27 mercieele
3196 5609 123 30 panieken
3339 5615 31 18 en
3387 5606 89 31 knses,
3494 5609 45 18 een
3559 5597 115 31 matigen
3692 5593 234 33 rente-standaard,
3944 5598 24 24 al-

3045 5646 72 19 meen
3143 5635 151 31 herlevende
3320 5639 139 31 welvaart,
3484 5628 156 41 geregelden
3661 5626 94 26 handel
3774 5631 31 20 en
3821 5627 158 32 gemiddelde

3045 5678 183 59 PD.„P'
3242 5712 50 18 van
3309 5704 201 27 manufakturen
3528 5706 31 18 en
3576 5695 30 26 de
3625 5691 94 27 handel
3732 5691 27 25 in
3777 5689 128 27 katoenen
3920 5700 45 24 goe-

3045 5735 76 26 deren
3139 5737 25 24 in
3183 5737 45 26 het
3239 5737 131 32 algemeen
3379 5745 84 24 gaven
3471 5733 50 28 wel
3529 5726 149 32 aanleiding
3686 5724 41 26 tot
3736 5722 122 27 klachten
3875 5722 65 27 doch
3952 5734 27 19 in

3045 5769 31 25 de
3091 5769 96 25 laatste
3203 5769 125 26 maamlen
3346 5758 51 44 zijS
3413 5769 40 26 die
3472 5767 63 27 door
3553 5757 158 34 belangrgke
3729 5763 79 26 vraag
3824 5756 43 26 tot
3874 5764 105 26 zwijgen

3045 5800 133 32 gebracht.
3211 5802 39 24 De
3272 5803 94 25 meeste
3384 5802 117 32 spinners
3517 5805 32 18 en
3567 5798 98 22 wevers
3681 5789 100 26 hebben
3802 5789 78 25 thans
3896 5791 83 25 weder

3045 5832 162 32 voordcelige
3223 5833 157 26 kontrakten
3397 5841 61 19 voor
3477 5832 96 31 langen
3589 5824 48 34 tijd
3648 5823 103 25 kunnen
3762 5828 117 25 aangaan
3896 5822 26 25 al
3931 5830 48 25 zijn

3045 5872 61 18 voor
3124 5864 123 34 sommige
3260 5867 105 26 soorten
3373 5867 31 26 de
3412 5867 96 32 prijzen
3519 5861 48 28 ook
3576 5865 52 24 nog
3637 5855 54 26 met
3700 5854 90 33 geheel
3801 5854 168 32 bevredigend

3074 5897 39 25 De
3138 5896 174 33 geschiedenis
3338 5907 48 18 van
3412 5898 50 25 den
3478 5896 59 33 loop
3563 5893 45 26 der
3625 5888 191 31 katoenprijzen
3833 5893 21 18 is
3872 5885 107 27 ditmaal

3043 5937 58 18 zeer
3117 5929 150 31 eenvoudig.
3293 5930 175 32 Opmerkelijk
3484 5929 21 25 is
3523 5927 45 26 het
3586 5924 47 26 hoe
3652 5927 91 26 rgzing
3758 5926 32 18 en
3808 5919 90 33 daling
3906 5919 60 33 gelij-

3041 5962 51 26 ken
3110 5960 58 26 tred
3184 5960 102 27 houden
3304 5963 53 26 met
3373 5963 48 26 den
3437 5957 129 32 'voorraad
3574 5957 27 26 te
3612 5952 143 34 Liverpool.
3780 5952 61 25 Men
3849 5957 47 19 zou
3909 5952 69 32 bijna

3043 6004 104 22 zeggen,
3165 5993 45 25 dat
3228 5993 39 26 dit
3283 5995 45 25 het
3345 5996 89 31 eenige
3449 5995 48 25 feit
3515 5995 20 24 is
3553 5991 53 26 wat
3625 5987 161 30 verhooging
3802 5983 27 25 of
3844 5983 133 33 verlaging

3043 6026 209 37 teweegbrengt;
3268 6026 98 27 hoewel
3384 6028 48 25 ook
3449 6027 58 26 hier
3522 6021 111 34 dikwijls
3651 6018 92 35 gevolg
3761 6024 21 18 is
3798 6017 53 26 wat
3869 6017 109 26 oorzaak

3041 6059 94 32 schijnt
3154 6059 26 22 te
3197 6057 57 32 zijn.

3073 6086 99 31 Nemen
3190 6090 39 31 wij
3248 6090 126 33 middling
3391 6091 190 26 New-Orleans
3599 6086 40 25 tot
3657 6084 83 24 basis:
3769 6083 54 24 Van
3840 6084 14 24 7
3868 6083 110 25 Jan.tot

3044 6128 8 22 1
3083 6122 73 34 April
3181 6120 91 27 daalde
3288 6122 31 27 de
3339 6123 126 27 voorraad
3482 6131 50 18 van
3548 6123 53 26 352/
3601 6123 40 26 in.
3659 6115 41 27 tot
3717 6115 61 30 236/
3778 6115 31 30 m.
3828 6115 37 30 B;
3881 6122 27 19 in
3926 6115 39 26 die-

3040 6157 81 25 zelfde
3138 6154 156 33 tijdsruimte
3312 6157 72 30 steeg
3402 6157 30 24 de
3449 6157 60 32 prijs
3528 6163 47 18 van
3598 6150 59 32 111/
3660 6150 11 32 g
3676 6155 32 27 op
3729 6150 40 22 12'
3776 6159 20 14 -
3817 6148 13 24 V
3839 6155 32 18 an
3882 6150 9 22 1
3904 6148 73 32 April

3039 6190 41 26 tot
3097 6191 33 25 27
3146 6187 52 26 Mei
3215 6187 72 33 steeg
3305 6188 30 26 de
3352 6188 125 27 voorraad
3495 6196 50 19 van
3562 6185 61 33 236/
3624 6185 32 33 m.
3678 6189 32 25 op
3728 6180 61 31 423/
3789 6180 31 31 m.
3829 6180 38 32 B;
3883 6187 27 19 in
3925 6180 40 26 die
3966 6193 11 24 :

3039 6222 81 25 zelfde
3137 6219 157 33 tijdsruimte
3312 6221 91 25 daalde
3420 6221 30 25 de
3468 6221 63 32 prijs
3547 6227 50 18 van
3609 6217 60 27 12%
3678 6214 43 26 tot
3730 6213 71 31 111/2.
3819 6213 57 26 Van
3883 6215 32 25 27
3924 6213 53 25 Mei

3039 6255 41 24 tot
3109 6255 28 22 19
3162 6252 66 32 Aug.
3247 6252 91 26 daalde
3356 6253 31 25 de
3404 6253 126 26 voorraad
3547 6260 52 18 van
3615 6249 61 30 423/
3677 6249 32 30 m.
3725 6244 43 26 tot
3783 6244 61 32 228/
3844 6244 32 32 m.
3893 6244 39 31 B;
3948 6252 27 18 in

3039 6283 123 27 diezelfde
3180 6283 154 31 tijdsruimte
3352 6286 72 31 steeg
3441 6285 31 25 de
3488 6285 64 35 prijs
3567 6291 52 19 van
3632 6283 60 30 10/2
3704 6286 32 25 op
3749 6279 34 24 14.
3802 6278 57 25 Van
3872 6280 27 22 19
3908 6278 66 30 Aug.

3039 6320 40 24 tot
3100 6320 28 22 16
3146 6317 70 32 Sept.
3234 6317 72 31 steeg
3324 6317 30 26 de
3371 6318 125 25 voorraad
3516 6324 50 19 van
3582 6314 61 34 229/
3644 6314 31 34 m.
3693 6319 32 26 op
3743 6309 61 33 460/
3804 6309 31 33 m.
3847 6309 31 32 B;
3886 6317 27 19 in
3921 6309 40 26 die-

3039 6350 80 27 zelfde
3137 6348 156 32 tijdsruimte
3312 6350 89 25 daalde
3419 6351 31 24 de
3470 6350 58 32 prijs
3547 6356 48 18 van
3615 6351 30 22 14
3661 6346 41 25 tot
3723 6343 70 33 131/4-

3071 6381 48 27 Die
3136 6381 93 26 laatste
3248 6380 348 35 voorraad-vermeerdering
3613 6387 52 18 was
3681 6379 27 24 te
3726 6374 84 34 groot.
3836 6374 54 25 Len
3908 6380 48 19 aan-

3039 6425 59 18 voer
3118 6423 48 17 van
3183 6413 61 31 214/
3244 6413 31 31 m.
3294 6413 25 26 b.
3337 6415 27 26 in
3381 6415 46 26 één
3443 6415 84 26 week!
3554 6412 91 27 Sedert
3661 6409 91 28 daalde
3769 6409 57 37 het_
3833 6406 125 26 voorraad-

3039 6449 83 33 cijfer;
3138 6454 73 19 maar
3228 6439 154 40 tengevolge
3398 6446 45 26 der
3461 6446 106 35 geringe
3582 6445 128 32 inkoopen
3726 6443 46 25 der
3789 6441 116 32 spinners
3924 6439 51 28 (die

3038 6477 198 33 waarschijnlijk
3252 6478 56 26 veel
3325 6478 85 27 direkt
3425 6487 51 19 van
3493 6478 74 26 Indiö
3583 6477 151 32 ontvingen)
3746 6475 52 26 kon
3808 6472 30 27 de
3847 6472 61 33 prijs
3918 6471 57 24 zich

3038 6515 54 26 niet
3109 6510 149 30 herstellen,
3275 6510 66 26 doch
3358 6511 91 26 daalde
3467 6511 91 26 verder
3573 6510 43 25 tot
3632 6517 33 24 op
3684 6504 78 37 US/_,
3780 6507 34 32 bij
3833 6513 46 18 een
3895 6508 63 20 voor-

3038 6546 64 27 raad
3118 6552 50 18 van
3185 6543 61 31 435/
3247 6543 32 31 m.
3299 6544 37 28 (11
3357 6543 76 32 Nov.)
3965 6563 6 5 .

3071 6579 58 26 Van
3149 6579 25 24 11
3195 6575 145 26 November
3357 6578 40 24 tot
3415 6580 15 21 2
3448 6575 141 27 December
3606 6570 177 28 verminderde
3801 6569 31 25 de
3848 6569 125 22 voorraad

3037 6612 54 26 met
3110 6609 60 31 100/
3170 6609 31 31 m.
3219 6617 31 17 en
3267 6609 72 27 steeg
3356 6609 30 24 do
3404 6609 60 31 prijs
3483 6609 37 31 %.
3554 6608 86 24 Thans
3658 6604 83 26 wordt
3758 6604 31 24 «le
3806 6600 87 25 markt
3905 6604 69 19 meer

3038 6646 61 22 dom-
3117 6641 45 26 het
3180 6639 90 41 groote
3288 6640 70 31 cijfer
3376 6641 45 22 der
3437 6641 110 31 receipts
3562 6640 27 24 in
3606 6638 32 25 de
3654 6634 142 32 Vereenige
3811 6634 102 26 Stoten,
3924 6634 50 19 aan

3039 6676 45 26 wel
3104 6676 63 24 door
3183 6672 46 26 het
3249 6671 197 33 voorraadcijfer
3462 6673 27 25 te
3507 6670 135 37 Liverpool
3658 6665 159 30 beheerst-ht.

3071 6707 35 27 De
3125 6706 99 25 direkte
3242 6706 104 22 toevoer
3364 6703 27 27 in
3405 6703 40 27 dit
3459 6705 59 30 jaar
3535 6702 110 28 bestond
3663 6702 38 24 uit
3710 6699 46 25 het
3763 6697 138 31 volgende:
3919 6697 53 21 Van

3038 6736 167 34 N.-Amerika
3221 6739 65 27 7858
3301 6736 40 31 b.,
3358 6736 111 27 Brazilië
3490 6739 60 24 1649
3567 6736 39 31 b.,
3622 6731 105 30 Britsch
3744 6729 73 28 Indie
3834 6729 89 28 21,423
3943 6729 30 27 b.,

3038 6776 26 27 te
3081 6780 89 21 zamen
3187 6772 81 27 30930
3286 6769 25 31 b.
3320 6778 32 18 en
3361 6777 51 25 nog
3422 6769 130 28 verwacht
3560 6777 50 22 van
3619 6763 168 32 N.-Amerika
3795 6770 37 21 ca.
3844 6762 87 33 10,000
3940 6762 32 35 b.,

4017 102 109 32 Brazilië
4149 106 66 27 2300
4233 104 40 32 b.,
4292 100 26 31 to
4344 106 89 22 zattien
4459 102 84 32 12,?Ö0
4560 97 32 39 b,,
4610 94 85 35 totaal
4710 102 33 28 22
4760 97 123 34 ladlnfffltt
4899 93 53 35 mei

4017 141 64 27 ruim
4097 143 90 28 43,000
4202 137 33 33 b.,
4253 138 141 33 tegenover
4410 136 60 27 éêne
4488 130 91 41 lading
4594 143 51 20 van
4664 137 63 26 1200
4743 135 25 28 b.
4785 135 28 27 in
4889 133 30 28 P.

4048 175 48 30 (De
4113 172 125 26 indirecte
4254 169 90 27 invoer
4359 175 51 19 van
4427 168 145 34 Liverpool,
4589 167 106 28 Londen
4711 175 31 19 en
4752 168 87 27 Havre
4847 167 107 28 bedroe*

4017 211 47 26 gen
4082 211 125 26 ongeveer
4224 206 90 30 23,000
4330 201 45 32 b.).

4048 237 50 31 Wij
4116 239 65 25 .toen
4199 237 56 26 hier
4272 235 92 32 volgen
4383 241 59 18 eene
4460 233 145 26 statistieke
4623 241 98 25 opgave
4737 242 51 17 van
4802 233 31 26 de
4845 240 112 19 aanvoe»

4017 276 51 24 ren,
4087 270 143 32 verkoopcn
4247 276 32 19 en
4297 268 48 26 den
4364 265 124 27 voorraad
4506 265 26 25 in
4548 265 31 26 de
4598 266 65 25 twee
4680 265 96 27 laatste
4788 266 92 34 jaren:

4300 300 112 28 Invoeb.
4548 300 100 24 Omzet.
4683 298 104 27 Voorr.
4798 307 84 19 einde
4891 299 65 25 Dec.

4082 333 131 26 Soortex.
4270 337 69 22 1868.
4382 334 69 22 1869.
4507 333 70 22 1868.
4620 332 70 22 1869.
4748 334 69 22 1868.
4861 334 70 22 1869.

4259 365 86 30 Balen.
4372 364 89 27 Halen.
4494 361 89 27 Balen.
4607 361 90 26 Balen.
4734 361 89 27 Balen.
4848 364 90 26 Balen.

4032 397 215 26 Noord-Anierik.
4261 403 77 24 17427
4377 400 77 24 15116
4505 398 77 25 19727
4618 397 78 22 15016
4778 399 50 21 500
4892 399 50 21 600

4033 429 210 28 Oost-Indisch..
4260 433 81 26 35788
4374 433 80 25 48900
4504 430 83 26 32688
4618 428 80 26 39555
4762 429 65 25 9500
4863 430 80 24 18845

4035 461 208 27 Surinaamsch..
4292 467 48 24 463
4407 467 48 21 408
4534 463 48 24 436
4650 461 45 25 541
4783 462 45 22 133
4893 475 32 5 —

4033 496 58 25 Div.
4111 494 131 25 soorten..
4278 498 61 24 1048
4391 497 61 24 1686
4521 496 59 22 1621
4650 494 47 24 409
4780 493 47 26 297
4879 495 63 25 157*

4101 557 145 27 Totaal....
4260 561 83 25 84726
4376 563 79 21 66110
4505 561 81 25 54472
4618 559 77 24 55521
4750 559 79 24 10430
4861 559 81 25 21019

4050 641 38 26 De
4110 638 96 35 prijzen
4222 644 51 18 van
4290 635 46 26 het
4355 645 45 18 vee
4422 646 102 18 waren:
4554 638 71 25 vette'
4646 635 130 27 runderen
4805 635 52 26 Iste
4881 635 76 26 kwal.

4018 674 83 32 ƒ260
4119 681 14 17 a
4148 666 65 34 '280;
4231 669 47 26 2de
4294 669 77 26 kwal.
4389 670 84 30 ƒ2OO
4488 680 15 15 a
4520 674 65 26 270;
4603 670 47 26 3de
4671 670 77 26 kwal.
4766 670 81 30 ƒ240
4863 677 17 18 a
4893 672 66 27 260;

4019 707 84 26 melk-
4123 713 30 17 eu
4172 694 148 33 kalfkoeien
4338 700 63 25 door
4419 702 50 25 den
4485 702 124 34 geringen
4626 710 111 18 aanvoer
4756 709 66 25 geen
4841 700 61 34 prijs
4911 700 32 26 be-

4018 739 77 32 kend;
4121 738 109 31 schapen
4248 733 77 28 idem;
4343 733 109 25 varkens
4468 737 32 22 56
4517 743 15 17 a
4548 739 32 20 60
4600 743 19 19 c.
4642 743 45 25 per
4706 735 57 25 KG.

4051 813 274 34 AARDAPPELEN:
4359 811 136 26 Duinzand
4514 813 89 30 ƒ3a
4619 819 32 27 5;
4670 813 151 28 Zeeuwsche
4840 811 120 27 Jammen

4020 854 50 30 ƒ2
4088 857 31 22 70
4129 861 13 15 a
4152 854 80 26 3.25;
4248 844 132 28 Friessche
4397 844 120 26 Jammen
4522 844 25 28 ƒ
4554 849 66 21 2.80
4629 850 18 27 a
4646 850 38 27 3;
4702 846 131 27 Fransche
4841 846 119 25 Jammen

4020 886 50 31 ƒ2
4087 888 46 24 30-
4152 879 178 31 Munstersche
4348 876 25 32 ƒ
4384 879 177 28 2.30a2.60;
4579 876 86 27 Roode
4684 880 116 31 ƒ2.70;
4817 879 102 26 Zwarte
4936 876 27 28 of

4022 918 158 32 Groningers
4188 917 26 30 ƒ
4225 917 61 24 1.85
4294 915 40 21 a
4344 921 6 20 2;
4367 909 110 26 Pruisen
4486 909 25 30 ƒ
4519 912 73 24 2.50.

4056 987 168 26 lIOORX.
4250 986 30 24 31
4299 981 60 26 Dec.
4384 979 91 32 Rogge
4493 979 83 30 fla
4592 981 79 27 7.25;
4689 979 89 26 Tarwe
4788 981 43 30 ƒ8
4847 989 17 18 a
4880 983 83 27 8.50-,

4023 1020 79 26 Garst
4119 1020 25 28 ƒ
4153 1022 15 24 5
4185 1026 15 18 a
4215 1020 17 24 5
4248 1020 46 26 50;
4312 1013 89 27 Haver
4416 1007 25 33 ƒ
4449 1013 89 24 3.50
4539 1013 14 24 a
4554 1013 77 27 4.50;
4649 1010 81 26 Witte
4749 1013 105 26 Erwten
4872 1013 25 28 ƒ
4910 1016 53 24 10a

4025 1056 44 28 11;
4088 1054 100 26 Groene
4205 1051 66 30 ƒl3
4287 1058 15 17 a
4315 1051 44 28 15;
4378 1045 119 32 Grauwe]
4514 1045 25 28 ƒ
4559 1048 28 24 14
4597 1052 15 17 a
4624 1046 45 26 15;
4687 1044 64 26 Vale
4768 1046 80 31 ƒ11;
4866 1045 97 26 Bruine

4023 1085 106 26 Boonen
4144 1084 25 31 ƒ
4189 1087 25 24 11
4237 1093 14 17 a
4272 1085 43 27 12;
4332 1076 220 30 Paardenboonon
4570 1077 25 30 ƒ
4611 1080 32 28 8;
4659 1075 181 30 Mosterdzaad
4859 1078 24 30 ƒ
4904 1081 27 24 19
4949 1084 14 18 a

4024 1123 46 25 20;
4090 1119 52 24 Kar
4144 1117 110 26 weizaad
4273 1116 65 28 ƒ22
4356 1122 15 15 a
4388 1115 47 27 25;
4452 1110 180 34 Aardappelen
4649 1109 50 30 ƒ3
4716 1113 17 27 a
4733 1113 89 27 3.25,
4839 1110 64 26 alles
4918 1116 45 26 per

4024 1150 67 26 mud.
4116 1150 120 25 Aanvoer
4253 1148 39 26 als
4307 1146 116 26 monster
4441 1147 45 24 185
4502 1144 56 26 HL.
4583 1142 83 28 Boter
4683 1148 45 28 per
4749 1141 76 35 kopje
4834 1144 33 26 50
4874 1144 57 25 a6O
4941 1149 21 20 c.

4024 1182 92 22 Eieren
4135 1182 99 22 ƒ4.50
4250 1189 15 15 a
4280 1183 17 21 5
4313 1179 46 26 het
4377 1176 123 27 honderd.

4253 1215 546 37 Scheepstijdingen.

4195 1271 126 30 (Behalve
4342 1271 31 21 de
4390 1271 72 19 reeds
4479 1272 47 22 per
4541 1271 124 24 telegram
4684 1271 132 27 gemelde).

4057 1302 137 33 Gepraald,
4212 1306 15 21 3
4245 1302 67 30 Dcc;
4328 1307 32 26 op
4368 1298 44 26 24°
4421 1296 93 32 N.Br.,
4524 1298 43 26 34°
4576 1294 96 28 W.L.:
4690 1296 126 28 Generaal
4826 1296 31 27 de
4866 1294 98 31 Stuers,

4025 1333 70 34 kapt.
4109 1336 120 24 Viersma.
4244 1335 56 25 Mat.
4310 1341 22 17 n.
4344 1330 72 27 Rott.

4058 1367 207 31 PLYMOUTH,
4283 1368 32 25 29
4331 1365 61 25 Dec.
4419 1362 54 27 Het
4489 1361 71 33 schip
4578 1359 129 33 Danubio,
4723 1361 71 33 kapt.
4812 1359 152 32 Vallabona,

4025 1400 21 25 is
4064 1400 54 25 niet
4136 1398 163 31 vertrokken,
4318 1398 38 25 als
4374 1402 107 26 vroeger
4496 1393 109 33 gemeld.

4057 1431 185 31 HARWICH,
4261 1435 26 22 31
4311 1431 60 25 Dec.
4397 1428 53 26 Het
4467 1427 73 34 schip
4556 1424 115 37 Symbol,
4688 1424 70 34 kapt.
4776 1424 122 33 Greener,
4916 1431 48 19 van

4025 1463 145 26 Newcastle
4187 1472 64 18 naar
4266 1462 162 27 Rotterdam,
4446 1460 48 28 den
4513 1462 89 24 2!>sten
4619 1460 74 25 dezer
4714 1459 27 25 in
4757 1459 145 43 aanzeiling
4918 1466 31 24 ge-

4025 1498 79 24 weest
4130 1496 53 25 met
4201 1496 46 25 het
4265 1496 71 31 schip
4354 1495 102 38 Topsy,
4472 1494 72 26 heeft
4560 1491 200 33 aanmerkelijke
4778 1491 93 26 schade
4886 1487 63 30 beko-

4026 1535 58 15 men
4095 1537 5 19 ;
4117 1535 59 15 men
4194 1528 80 22 denkt
4291 1535 47 15 een
4357 1528 77 28 groot
4449 1525 118 32 gedeelte
4585 1525 45 24 der
4638 1524 90 32 lading
4735 1525 27 24 te
4770 1524 103 25 moeten
4883 1522 81 26 lossen

4028 1565 40 14 om
4085 1558 26 21 te
4129 1557 105 22 kunnen
4250 1564 158 15 repareeren.

4030 2921 34 25 S.,
4076 2921 71 20 Rott.

4400 3367 39 21 IN
4455 3367 144 22 LADING.

4059 3400 152 26 LONDEN,
4221 3400 30 20 31
4263 3400 69 26 Dcc;
4342 3400 104 28 Sophia,
4455 3404 50 18 van
4514 3400 97 26 Noord,
4622 3400 167 30 Antwerpen.

4058 3429 207 31 LIVERPOOL,
4271 3432 28 24 31
4312 3429 70 31 Dcc;
4391 3429 135 32 Kaapstad
4535 3429 308 32 Packet,Collenteur,St.
4853 3428 118 28 Thomas.

4378 2943 217 26 UITGEZEILD.

4061 2978 120 30 TEXEL,
4189 2979 17 24 2
4214 2978 66 27 Jan.,
4290 2978 105 30 Z.Z.W.;
4413 2978 89 26 Sirius.
4509 2978 112 27 Tclford,
4633 2978 155 25 Newcastle.
4800 2989 14 4 -
4824 2978 146 28 Susannah,

4029 3009 100 31 Sheriff,
4142 3009 33 26 id.
4187 3022 9 6 -
4207 3008 98 31 Redbv,
4317 3008 74 30 Kidd,
4402 3008 169 27 Sunderland.
4581 3024 14 5 -
4605 3008 131 30 Jesmond,
4749 3007 154 31 Sanderson,
4916 3008 34 26 id.
4959 3022 12 6 -

4028 3044 83 30 Alert,
4123 3044 32 31 S.,
4163 3041 72 27 Huil.
4247 3056 9 6 -
4266 3041 141 32 Hoffnung,
4416 3041 92 32 Sonne,
4519 3043 119 26 Windau.
4650 3056 14 5 -
4674 3041 96 28 Pieter.
4780 3041 71 30 Juul,
4872 3041 83 27 Frcde-

4028 3076 107 28 rikstad.
4144 3091 11 4 -
4166 3074 171 30 Stoomvaart,
4350 3074 32 32 S.,
4389 3074 145 34 Hamburg.
4546 3090 14 5 -
4570 3074 99 33 Olbers,
4677 3074 142 32 Andersen,
4826 3074 145 27 Avontuur.

4059 3107 314 32 HELLEVOETSLUIS,
4383 3111 15 24 2
4404 3107 67 32 Jan.,
4481 3107 34 33 Z.;
4525 3107 86 32 Kelso,
4620 3109 34 32 S.,
4664 3109 86 27 Newc.
4762 3123 13 6 -
4782 3107 71 27 Lord
4861 3106 110 33 Raglan,

4029 3146 33 31 S.,
4071 3145 33 26 id.
4121 3159 9 4 -
4141 3143 122 30 Kestrcll,
4273 3143 33 32 S.,
4316 3142 72 27 Huil.
4398 3157 11 5 -
4417 3142 106 32 Urania,
4534 3144 34 31 S.,
4578 3143 118 26 Bremen.

4059 3177 158 31 BRIELLE,
4231 3180 8 24 1
4252 3176 66 32 Jan.,
4330 3176 78 32 Z.W.;
4416 3176 104 31 Pacific,
4531 3177 33 30 S.,
4573 3175 130 28 Harwich.

4062 3210 135 26 I'ILLAU,
4206 3213 28 21 31
4247 3210 70 28 Dcc;
4326 3210 92 31 Volga,
4428 3209 34 30 S.,
4472 3210 81 24 Amst.

4058 3240 202 30 FALMOUTH,
4270 3244 30 21 31
4311 3241 70 30 Dcc;
4390 3241 86 30 Osian,
4487 3241 102 30 Weber,
4598 3239 83 27 Amst.

4059 3270 240 27 HART-EPOOL,
4309 3275 33 20 30
4350 3272 69 30 Dcc;
4429 3273 150 28 Catharina,
4590 3270 131 34 Hovingh,
4730 3269 167 27 Bremerhav.
4907 3281 11 5 -
4926 3267 31 27 Jo-

4026 3302 87 26 hanna
4122 3300 176 33 Margaretha,
4309 3301 38 28 Ei,
4357 3301 33 25 id.
4402 3317 9 4 -
4421 3302 107 27 Jantina
4539 3304 83 31 Alida,
4631 3305 90 30 Texer,
4731 3299 198 31 Geestemunde.

4059 3333 117 24 CADIX,
4186 3335 32 21 27
4227 3333 70 24 Dcc;
4305 3332 217 25 Vriendenkring,
4533 3335 144 21 Scheltens,
4689 3335 132 21 Newport.

4344 1589 317 25 BINNENGEKOMEN.

4059 1623 119 27 TEXEL,
4192 1623 7 21 1
4213 1623 180 27 Jan.,Z.Z.W.;
4406 1623 92 28 Hawk,
4515 1639 34 11 _
4559 1623 72 24 Huil.
4641 1633 11 6 -
4659 1623 92 31 Helge,
4768 1623 34 30 S.,
4817 1623 150 31 Dantzign.

4026 1654 81 28 Rott.,
4116 1654 72 25 heeft
4196 1656 15 22 2
4221 1652 76 26 dezer
4305 1652 32 25 de
4345 1652 51 25 reis
4404 1654 157 32 voortgezet.

4057 1684 196 28 ZOLTKAMP,
4261 1687 32 22 29
4303 1684 69 30 Dcc;
4381 1684 191 34 Verwisseling,
4580 1684 83 32 Dood,
4671 1684 198 26 Burnt-Eiland.

4057 1716 314 30 HELLEVOETSLUIS,
4380 1719 18 24 2
4404 1716 67 28 Jan.;
4488 1717 124 26 Bastiaan
4629 1717 58 28 Pot,
4703 1716 123 31 Zetteler,
4838 1717 59 25 Bat.
4913 1716 18 25 1.
4944 1723 24 18 v.

4025 1750 163 26 Brouwersh.
4199 1765 14 5 -
4221 1750 117 33 Magnot,
4356 1749 33 30 S.,
4398 1749 113 25 Londen.
4522 1763 14 4 -
4546 1750 54 28 Ida,
4611 1749 33 27 S.,
4659 1749 144 32 Liverpool.
4814 1763 13 4 -
4838 1748 131 30 Windsor,

4026 1786 33 31 S.,
4070 1781 84 30 Leith.
4163 1796 11 7 -
4182 1783 117 27 William
4309 1781 133 31 Conlman,
4453 1779 33 33 S.,
4495 1781 89 26 Goole.
4593 1794 12 5 -
4613 1780 92 30 Niobe,
4716 1781 33 28 S.,
4759 1781 189 34 Koningsberg.
4957 1793 12 7 -

4026 1818 132 30 Gosforth,
4168 1818 33 30 S.,
4211 1817 120 32 Dantzig.
4343 1830 14 5 -
4367 1814 154 28 Brownlow,
4531 1814 33 28 S.,
4573 1812 43 31 id.,
4625 1812 17 26 1.
4651 1821 24 15 v.
4684 1813 163 26 Brouwersh.

4058 1850 157 31 BRIELLE,
4225 1853 17 22 2
4250 1850 69 27 Jan.,
4326 1848 77 32 Z.W.;
4414 1846 130 31 Batavier,
4553 1844 34 34 8.,
4597 1844 113 28 Londen.
4720 1858 11 5 -
4740 1843 141 32 Waterloo,
4891 1845 33 30 S.,
4932 1843 37 27 id.

4057 1881 327 31 BROUWERSHAVEN,
4402 1885 17 22 2
4435 1881 67 28 Jan.,
4519 1880 78 31 Z.W.;
4613 1877 146 28 Alexander
4773 1877 120 43 Newsky,
4905 1877 47 26 Per-

4025 1913 65 33 rigo,
4100 1913 118 26 Sunderl.
4226 1922 25 18 n.
4260 1913 131 31 Middelb.,
4402 1913 38 25 als
4449 1913 132 32 bijlegger.
4592 1926 11 4 -
4612 1912 86 26 Baron
4716 1911 87 30 Etvos,
4819 1909 150 34 Ccphalich,

4026 1939 162 33 Rotterdam.

4058 1976 191 30 ZIERIKZEE,
4260 1980 14 22 2
4285 1976 66 30 Jan.;
4361 1976 72 25 Hans
4442 1975 94 31 Georg,
4547 1975 131 33 Godekop,
4688 1974 148 27 New-York
4846 1983 24 18 n.
4879 1974 73 26 Rott.

4058 2010 131 31 EMDEN,
4207 2011 28 24 31
4254 2009 71 30 Dcc;
4342 2007 126 31 Clasiena,
4486 2006 66 33 Dik,
4570 2007 143 35 Koningsb.
4730 2015 25 18 n.
4774 2006 73 32 Leer,
4865 2014 104 26 wegens

4026 2044 109 34 ijsgang.

4058 2075 202 28 OUXHAVEN.
4272 2076 8 22 1
4292 2074 67 28 Jan.;
4369 2073 41 24 ter
4417 2072 90 27 reede:
4526 2074 110 30 Oceaan,
4644 2081 22 17 v.
4677 2073 115 30 Slooten,
4801 2080 25 17 n.
4834 2072 131 25 Rosano.-

4025 2109 102 31 Redite,
4136 2108 79 30 Stuit,
4232 2104 188 30 Fernainbuck.

4058 2140 190 30 ELSENEUR,
4258 2143 32 24 30
4298 2139 70 30 Dcc;
4376 2138 151 31 Hollander,
4535 2139 33 30 S.,
4579 2137 116 27 Petersb.
4704 2144 25 18 n.
4741 2135 73 27 Rott.

4059 2174 151 28 LONDEN,
4221 2176 28 24 31
4261 2173 70 28 Dcc;
4343 2171 113 31 Hallurn,
4467 2171 90 33 Lukje,
4566 2169 146 28 Holmstad.

4059 2206 214 30 MARGATE,3I
4293 2205 70 30 Dcc;
4372 2204 100 33 Grietje
4481 2205 26 33 $■
4514 2204 98 31 Funke,
4631 2202 135 32 Wiersma,
4783 2200 151 33 Groningen
4944 2207 25 19 n.

4028 2239 117 27 Chester.
4858 2265 17 4 _
4912 2264 44 8 _

4057 2270 197 28 PORTLAND,
4266 2272 28 22 31
4311 2269 70 30 Dec-,
4390 2268 132 26 Northern
4533 2269 96 31 Queen,
4638 2268 83 30 Scott,
4730 2267 72 26 Rott.
4818 2272 25 20 n.
4853 2265 116 31 Cardiff;

4025 2304 22 27 is
4057 2311 50 20 van
4116 2303 93 28 Lizard
4217 2304 43 26 tot
4267 2302 58 28 hier
4333 2302 220 33 teruggestreven.
4561 2316 12 5 -
4581 2300 145 27 Alexander
4736 2298 80 32 Bach,
4826 2297 143 32 Tominich,

4028 2337 96 26 Odessa
4134 2346 24 18 n.
4170 2337 73 26 Rott.

4058 2369 202 30 PLYMOUTH,
4269 2370 33 24 30
4310 2367 70 32 Dcc;
4389 2367 122 31 Annette,
4520 2366 152 31 Wenninga,
4683 2363 72 26 Rott.
4763 2370 25 18 n.
4799 2361 104 28 Cardiff.

4058 2401 201 30 FALMOUTH,
4269 2404 32 24 30
4312 2400 69 30 Dcc;
4390 2400 111 30 Samuel,
4514 2398 87 30 Owen,
4611 2395 109 34 Akyab;
4737 2396 53 25 met
4807 2394 161 35 gescheurde

4026 2435 116 32 stengen.
4153 2448 32 5 —
4195 2438 11 22 1
4218 2434 67 28 Jan.;
4302 2433 64 28 Ada,
4377 2432 139 30 Fallshaw,
4527 2430 148 26 Mexilones.
4684 2443 12 6 -
4704 2428 111 31 Abandi,
4826 2428 83 31 Ysasi,
4917 2427 35 26 Ha-

4026 2474 74 19 vana.

4059 2496 181 31 NEWPORT,
4248 2498 33 24 28
4289 2494 70 32 Dcc;
4368 2494 113 33 Agatha,
4489 2493 132 33 Zeijlinga,
4632 2493 157 27 Gloucester.

4058 2529 233 30 GLOUCESTER,
4300 2531 30 22 31
4341 2528 69 30 Dcc;
4417 2526 118 26 Roelfina
4544 2520 110 39 Tydens,
4664 2526 104 27 Jansen,
4779 2524 113 33 Delfzijl.

4059 2562 163 32 SHIELDS,
4239 2564 28 24 31
4287 2561 70 32 Dcc;
4375 2559 85 33 Alida,
4475 2559 104 33 Jensen,
4598 2559 72 26 Rott.
4689 2572 11 7 -
4717 2557 90 35 Antje,
4825 2556 144 33 Schotten»,

4028 2597 115 25 Londen.

4059 2627 246 31 SUNDERLAND,
4315 2629 30 24 31
4355 2626 71 32 Dcc;
4434 2626 90 30 Vixen,
4534 2624 131 33 Twelong,
4675 2624 73 26 Rott.

4061 2660 233 30 MIDDLESBRO,
4304 2662 28 22 31
4344 2659 60 25 Dec.
4415 2661 14 22 5
4440 2657 102 31 Sisters,
4551 2657 115 32 Lowery,
4675 2657 83 25 Amst.

4059 2693 38 25 St.
4115 2693 159 30 NAZAIRE,
4284 2695 32 24 27
4325 2691 70 30 Dcc;
4403 2689 169 27 Annachiena
4579 2689 135 28 Harmina,
4722 2687 130 30 Zuidema,
4863 2686 92 27 Peters-

4026 2724 74 34 burg.
4110 2739 32 4 —
4150 2728 32 21 30
4191 2725 70 31 Dcc;
4270 2722 123 28 Minerve,
4403 2720 111 34 Gilbert,
4525 2722 72 26 Rott.

4059 2757 116 30 CADIX,
4183 2760 33 22 26
4225 2756 70 30 Dcc;
4304 2753 107 27 Jantina
4421 2753 175 34 Margaretha,
4605 2753 52 26 Vos
4667 2753 90 33 Peper,
4767 2751 105 30 Cardiff.

4058 2787 183 28 ALICANTE,
4251 2790 33 22 23
4292 2787 61 22 Dec.
4363 2785 79 30 Mina,
4452 2786 136 31 Hartman,
4599 2785 141 27 Gibraltar.

4059 2820 129 28 GENUA,
4199 2822 31 25 27
4240 2818 69 30 Dcc;
4319 2818 106 31 Omega,
4435 2817 31 27 de
4475 2818 74 32 Boer,
4560 2819 81 26 Amst.

4059 2852 167 27 LIVORNO,
4234 2854 32 22 26
4274 2850 70 30 Dcc;
4354 2849 182 34 Vlaardingen,
4545 2852 105 25 vanden
4658 2849 123 34 Boogcrt,
4787 2846 182 32 Vlaardingen.

4059 2884 129 27 TRIEST,
4207 2885 32 24 28
4254 2882 71 30 Dcc;
4341 2880 156 32 Henderika,
4509 2883 93 28 Pybes,
4612 2883 94 26 Hamb.
4716 2885 72 22 —29
4798 2882 70 30 Dec-,
4877 2880 92 32 Tné'st,

4011 3470 397 43 Prijskoerant
4441 3470 99 43 der
4573 3470 298 43 Effekten.

4609 3536 111 34 Laagste
4730 3536 117 32 Hoogste
4874 3536 77 28 Gebl.

4123 3568 176 28 MAANDAG
4317 3572 15 25 3
4349 3568 163 30 JANUARI.
4620 3572 83 27 koers,
4749 3570 81 27 koers,
4873 3568 84 28 koers.

4025 3613 124 26 Nederl.
4168 3613 70 26 Cert.
4251 3613 61 26 Nat.
4325 3613 92 26 W.S..
4442 3633 7 6 .
4469 3615 39 31 2i/
4509 3626 8 18 2
4526 3615 58 32 pCt.
4623 3617 52 31 __6/
4675 3627 12 19 8
4748 3613 89 33 53%;
4873 3617 32 22 53
4915 3615 17 18 n
4944 3626 18 19 w

4057 3646 64 26 Dito
4139 3645 63 26 Dito
4219 3645 63 25 Dito
4472 3647 17 21 3
4556 3657 12 11 «
4620 3647 64 31 623/.
4747 3646 54 26 627.'
4801 3659 12 19 8

4057 3679 64 26 Dito
4139 3677 63 27 Dito
4219 3677 64 25 Dito
4472 3678 15 21 4
4556 3687 12 12 »
4620 3680 53 30 843/
4674 3691 12 18 8
4746 3680 63 31 841/3
4872 3679 64 32 84'/-

4058 3710 123 27 Schuldb.
4200 3707 99 26 Amort.
4310 3705 142 34 Syndicaat
4468 3709 47 32 31/2
4620 3711 30 24 81

4058 3744 87 32 Oblig.
4163 3743 72 27 Gem.
4253 3738 164 30 Amsterdam
4440 3759 8 8 .
4468 3743 15 24 5
4553 3751 12 14 «

4057 3776 64 26 Dito
4141 3776 63 26 Dito
4468 3776 17 22 4
4553 3783 12 14 »

4057 3809 64 26 Dito
4137 3809 64 26 Dito
4467 3807 47 33 31/2
4552 3817 12 13 11
4618 3807 65 32 7-5/4

4057 3842 63 25 Dito
4146 3842 64 26 Dito
4227 3835 190 31 Kanaal-Leen.
4439 3856 7 7 .
4468 3842 17 22 3
4552 3852 12 13 //

4057 3874 87 33 Oblig.
4163 3874 73 26 Gem.
4253 3868 163 28 Rotterdam.
4439 3874 45 24 .3
4552 3875 98 26 «87
4747 3873 66 31 871/4

4025 3907 110 26 België.
4155 3906 70 27 Cert.
4243 3902 74 27 Adm.
4336 3900 81 27 Bank.
4440 3922 7 8 .
4467 3905 47 33 21/2
4552 3914 13 17 »

4057 3939 64 26 Dito
4136 3939 35 32 bij
4192 3938 78 27 Gebr.
4287 3933 162 28 Rothschild.
4468 3939 46 32 21/3
4552 3950 12 13 «

4025 3971 110 27 Spanje.
4155 3970 86 34 Oblig.
4260 3972 15 24 3
4292 3966 59 34 pCt.
4374 3986 73 9 ...
4468 3973 15 22 3
4552 3980 12 15 »
4618 3970 89 34 __>»/_•
4742 3970 56 30 26i/
4799 3980 8 18 8

4057 4005 61 25 Dito
4136 4002 115 28 Buitenl.
4273 4002 171 25 1841....
4467 4005 17 24 3
4551 4013 13 15 t

4057 4037 64 26 Dito
4137 4037 76 26 Dito.
4243 4056 6 5 .
4273 4035 72 25 1867.
4372 4050 73 11 ...
4467 4037 15 24 3
4552 4045 12 15 »•
4617 4036 56 31 265/
4674 4046 20 19 ]6
4744 4032 90 32 26H/10
4867 4031 65 33 268/»

4057 4069 63 25 Dito
4137 4070 77 25 Dito.
4244 4087 6 6 .
4273 4068 74 22 1869.
4375 4083 71 9 ...
4467 4070 15 24 3
4552 4080 11 12 «
4618 4064 89 35 241%
4742 4068 33 22 25
4866 4065 67 31 243/*

4057 4102 63 25 Dito
4136 4098 119 28 Binnenl.
4277 4106 15 17 a
4304 4096 24 30 ƒ
4338 4098 77 24 6250.
4440 4116 6 7 .
4468 4103 15 22 3
4552 4110 12 13 tt
4617 4102 27 22 21
4650 4100 32 32 s/4
4742 4096 54 32 217/
4796 4109 12 19 8
4867 4097 46 32 21«
4913 4097 46 32 s/u

4057 4134 63 27 Dito
4136 4134 65 27 Dito
4219 4130 92 31 ƒ1250
4318 4135 32 19 en
4359 4128 92 30 ƒ2500
4467 4135 17 25 3
4552 4144 12 12 «
4617 4134 48 24 22b
4672 4144 9 17 1
4742 4130 65 31 221/2

4024 4166 156 27 Portugal.
4199 4162 87 32 Oblig.
4306 4163 74 24 1853.
4406 4181 40 8 ..
4467 4168 15 24 3
4551 4175 12 13 e
4616 4166 57 30 337/
4674 4174 21 20 16
4716 4157 6 40 |
4741 4165 76 30 33»/i_

4056 4199 63 26 Dito
4141 4196 138 33 1856/1863
4467 4201 17 24 3
4552 4200 12 22 »'
4617 4198 92 28 32i«Vi«
4742 4195 65 31 331/8

4057 4232 63 25 Dito
4142 4233 60 25 1867
4467 4233 15 24 3
4551 4239 12 13 11
4616 4227 91 32 3215/16
4742 4227 56 31 331/
4799 4237 20 19 ]6

4056 4264 63 25 Dito
4142 4265 61 24 1869
4467 4266 15 22 3
4552 4272 12 13 11
4616 4259 53 32 323/
4669 4271 13 18 4
4742 4259 53 26 327/
4795 4269 12 19 8

4024 4296 79 26 Rusl.
4126 4293 58 30 Obl.
4201 4292 76 32 Hope
4296 4290 149 32 1798/1816.
4468 4298 15 24 5
4552 4304 12 14 »
4616 4292 78 32 93%
4742 4289 64 32 931/2

4057 4329 69 26 Cert.
4136 4326 74 26 Adm.
4221 4325 26 24 te
4257 4322 93 27 Hamb.
4363 4324 63 25 IS2O
4439 4344 6 6 .
4468 4331 14 20 5
4551 4337 12 13 «
4616 4328 33 22 68
4661 4325 9 31 .'
4671 4337 8 18 8
4742 4323 65 30 681/4

4057 4357 216 34 Oblig.-Leening
4292 4357 61 22 1822
4372 4374 71 9 ...
4467 4362 15 22 5
4552 4370 12 12 „

4057 4394 61 25 Cert
4144 4391 34 35 bij
4188 4389 74 33 Hope
4272 4387 71 27 &C°.
4355 4389 59 24 1831
4440 4409 7 6 .
4468 4395 15 21 5

4057 4426 61 25 Dito
4136 4423 64 26 Dito
4220 4423 61 25 1833
4466 4427 15 21 5
4556 4419 6 30 't

4057 4456 98 26 Inschr.
4173 4455 46 26 sde
4238 4450 70 28 Serie
4329 4453 61 24 1854
4406 4469 40 12 ..
4467 4457 15 22 5
4551 4467 12 12 «
4615 4452 54 33 617/
4670 4463 9 19 8

4056 4489 63 25 Dito
4136 4487 47 27 6de
4201 4486 72 27 Serie
4293 4485 63 25 1855
4374 4502 72 9 ...
4467 4489 17 22 5
4550 4499 12 12 *
4613 4487 79 31 759/_
4740 4482 66 32 75&/
4884 4482 78 35 s

4056 4518 216 34 Oblig.-Leening
4292 4518 60 24 1862
4371 4533 73 9 ...
4467 4520 15 24 5
4550 4530 13 14 »

4056 4554 63 25 Dito
4139 4554 63 25 1864
4218 4559 17 18 a
4251 4550 25 31 ƒ
4287 4551 63 24 1000
4371 4567 72 8 ...
4465 4552 17 25 5
4548 4564 12 12 
4612 4551 65 31 891/2
4740 4547 67 34 893/4

4056 4586 63 26 Dito
4139 4587 63 24 1864
4219 4592 15 17 a
4250 4583 24 26 £
4303 4583 46 24 100
4371 4599 71 8 ...
4463 4585 17 22 5
4547 4593 13 14 »

4056 4618 63 26 Dito
4139 4619 63 25 1866
4219 4624 15 17 a
4251 4613 25 31 ƒ
4286 4615 63 24 1000
4371 4631 71 7 ...
4463 4617 17 21 5
4547 4626 13 12 ,
4613 4613 64 32 881/2

4057 4650 61 26 Dito
4140 4651 61 25 1866
4219 4657 15 17 a
4251 4646 22 27 £
4300 4646 46 24 100
4370 4663 72 9 ...
4463 4649 17 24 5
4548 4657 12 15 #

4056 4683 61 26 Dito
4137 4684 63 24 1850
4218 4680 53 25 Iste
4287 4676 124 33 Leening.
4436 4696 6 7 .
4463 4680 47 31 41/2
4548 4690 12 13 «
4612 4680 66 30 881/4

4055 4715 63 27 Dito
4139 4716 63 25 1860
4217 4710 48 28 2de
4344 4720 12 13 »
4408 4729 6 6 .
4436 4729 6 7 .
4463 4713 38 31 41/
4502 4723 9 20 2
4548 4723 12 13 «
4612 4713 65 30 813/4

4056 4748 69 26 Cert.
4142 4747 33 32 bij
4187 4746 73 31 Hope
4270 4742 21 26 &
4300 4741 39 26 C°.
4354 4743 63 25 1840
4436 4761 7 8 .
4465 4748 17 21 4
4548 4755 12 13 «

4055 4781 99 25 Inschr.
4165 4781 39 26 2e,
4213 4780 38 26 3e,
4260 4778 30 22 4e
4299 4773 117 34 Leening
4437 4795 6 6 .
4466 4780 15 22 4
4548 4787 12 14 »

4056 4813 63 26 Dito
4136 4814 30 24 5e
4180 4807 115 32 Leening
4306 4808 74 25 1845.
4404 4826 7 7 .
4437 4827 6 6 .
4466 4812 15 22 4
4548 4818 12 15 »

4055 4840 214 37 Oblig.-Leening
4287 4841 63 24 1867
4371 4858 71 7 ...
4466 4845 15 20 4
4548 4852 12 11 «
4612 4839 65 28 641/4
4737 4835 65 31 «*»/8

4055 4877 63 27 Dito
4129 4873 113 32 Leening
4253 4872 63 26 1869
4338 4890 104 8 ....
4465 4876 15 24 4
4547 4881 13 15 »
4612 4871 65 28 631/4

4054 4910 64 25 Dito
4141 4911 60 24 1859
4462 4909 17 22 3
4546 4913 12 14 »
4612 4902 64 30 523/
4819 4902 143 33 s

4054 4941 98 28 Inschr.
4165 4939 26 25 in
4200 4935 188 32 Bank-Assign.
4403 4954 38 8 ..
4462 4939 15 22 6
4545 4945 12 13 »

4055 4972 167 27 Certificaten
4232 4976 51 18 van
4291 4967 63 25 Dito
4369 4987 69 7 ...
4459 4971 17 22 6
4545 4976 12 14 »

4054 5004 83 26 Aand.
4150 5006 63 24 1864
4222 5003 17 24 5
4251 5000 58 34 pCt.
4322 4998 43 26 Rs.
4377 5002 46 22 100
4436 5019 6 8 .
4533 4998 26 31 ƒ
4593 4996 80 33 230«/
4689 4996 17 33 s
4721 5000 48 25 232

4052 5037 64 25 Dito
4140 5036 61 25 1866
4545 5042 12 13 11
4593 5031 79 31 2241/2
4720 5035 48 22 226

4020 5069 100 25 Polen.
4140 5065 209 34 Schatk.-Oblig.
4365 5067 73 25 1844.
4460 5068 15 24 4
4514 5065 59 35 pCt.
4610 5065 53 32 631/
4664 5076 8 19 2

4052 5100 84 28 Aand.
4155 5099 161 33 1835,11.500
4337 5119 105 8 ....
4532 5100 25 31 ƒ
4597 5098 78 33 1713/4
4723 5096 45 27 172

4020 5135 130 26 Pruisen.
4169 5133 149 34 Obligatien
4333 5152 105 8 ....
4460 5137 15 22 5
4513 5133 59 32 pCt.

4051 5167 83 27 Aand.
4146 5167 46 34 31/2
4202 5165 142 37 pCt.aïh.
4357 5167 53 25 100.
4434 5185 6 7 .
4531 5165 26 30 ƒ
4592 5161 79 32 2061/3

4020 5202 132 28 Oostenk.
4170 5200 58 26 Obl.
4245 5207 58 24 pap.
4312 5198 130 32 Mei/Nov.
4459 5199 17 20 5
4514 5197 58 31 pCt.
4607 5194 67 30 473/
4691 5194 30 30 t
4736 5193 31 25 47

4051 5233 63 24 Dito
4130 5231 64 26 Dito
4207 5231 165 30 Febr./Aug..
4398 5246 8 7 .
4431 5246 6 5 .
4460 5230 15 20 5
4543 5233 13 15 »

4051 5263 63 27 Dito
4130 5263 80 25 zilver
4227 5262 71 30 Jan./
4299 5257 138 28 Juli...
4457 5258 18 22 5
4541 5265 13 15 »
4607 5257 32 22 56
4645 5255 40 28 Vw
4735 5251 65 31 561/4
4863 5251 66 32 561/4

4051 5296 64 26 Dito
4130 5294 63 26 Dito
4209 5293 164 31 April/Oct..
4397 5307 39 8 ..
4459 5290 17 22 5
4541 5297 12 14 »
4609 5287 65 28 553/4
4735 5285 70 30 55i3/
4805 5295 21 20 18

4051 5326 81 28 Aand.
4153 5334 15 15 a
4183 5323 25 25 fl.
4226 5327 56 25 250,
4303 5324 74 22 1839.
4398 5337 7 6 .
4430 5336 7 7 .
4530 5317 26 31 ƒ
4592 5319 50 21 530

4051 5360 35 25 D°
4110 5356 44 27 D°.
4172 5357 15 24 4
4204 5354 58 31 pCt.
4279 5353 25 25 fl.
4320 5354 50 22 250
4381 5352 61 22 1854
4540 5360 13 14 *
4591 5348 48 25 223

4051 5380 43 37 D°'
4110 5388 37 26 D°
4172 5391 17 22 5
4204 5386 58 31 pCt.
4291 5394 12 12 «
4320 5383 123 24 5001860
4540 5393 13 13 1,
4592 5380 67 33 4821/
4659 5392 12 20 2
4717 5382 50 26 485

4051 5412 43 37 Ijo;
4110 5420 37 26 !)«>
4291 5425 12 12 «
4324 5415 46 24 100
4381 5414 61 24 1864
4540 5425 13 14 n
4593 5413 78 33 1121/
4685 5413 27 33 s
4721 5415 76 33 1131/3

4018 5458 100 26 Italië.
4139 5446 174 34 Inschrijving
4332 5464 104 8 ....
4459 5447 17 24 5
4513 5447 58 32 pCt.
4606 5450 33 24 52

4051 5487 70 27 Cert.
4139 5483 83 27 Amst.
4239 5479 66 26 Adm
4457 5480 17 22 5
4540 5492 13 13 „
4605 5480 65 31 521/3
4735 5484 32 24 53

4019 5519 213 28 Griekenland.
4251 5510 78 32 Obhg
4357 5511 60 22 1825
4430 5529 6 7 .
4457 5511 17 24 5

4018 5554 131 25 Tuukijk.
4168 5544 58 28 Obl.
4243 5542 60 32 Alg.
4312 5539 98 27 bchuld
4430 5563 6 6 .
4457 5545 17 24 5
4540 5557 13 15 ,
4605 5546 92 32 4213/_j
4733 5545 54 32 431/
4788 5557 9 19 8
4860 5546 33 24 43

4051 5583 63 26 Dito
4135 5577 137 28 1863/1865
4530 5581 25 28 ƒ

4050 5614 100 33 Egypte
4169 5608 86 30 Oblig.
4276 5607 69 24 1868.
4367 5626 71 8 ...
4459 5609 15 26 7
4512 5611 58 32 pCt.
4605 5611 65 32 76%
4733 5609 79 33 7615/_
4813 5621 12 20 6

4018 5650 25 26 N
4051 5648 154 26 -Amekika.
4220 5639 31 26 V.
4257 5637 38 26 St.
4304 5636 65 27 losb.
4381 5641 61 26 1874
4459 5642 17 24 5
4540 5655 13 13 „
4606 5647 32 22 90

4050 5681 64 26 Dito
4130 5675 64 27 Dito
4380 5674 63 24 1904
4457 5675 17 22 5
4540 5687 13 17 ,

4050 5713 63 26 Dito
4129 5707 65 28 Dito
4218 5721 41 11 ..
4284 5719 7 7 ■
4380 5705 58 26 1881
4457 5707 15 24 6
4540 5721 12 15 ,
4605 5708 65 32 931/3
4733 5706 64 32 93-Vs

4049 5746 63 26 Dito
4128 5740 64 27 Dito
4377 5739 63 25 1882
4456 5740 15 22 6
4540 5753 12 14 „
4605 5743 57 30 916/
4663 5752 20 19 16

4050 5778 63 26 Dito
4129 5772 64 26 Dito
4219 5778 122 17 ...»
4377 5771 61 25 1884
4455 5773 17 21 6
4540 5786 12 12 „
4605 5773 63 31 90i/._

4049 5810 63 26 Dito
4129 5804 63 27 Dito
4218 5818 46 18 .:.
4281 5816 8 8 .
4377 5803 61 26 1885
4455 5805 15 22 6
4540 5819 12 12 „
4605 5805 52 31 903/
4657 5816 12 18 8
4731 5800 77 33 909/_.

4049 5842 63 27 Dito
4129 5833 84 30 Louis,
4230 5831 34 32 bij
4281 5830 73 33 Hope
4367 5832 22 27 &
4398 5833 39 28 C°.
4455 5838 17 24 5
4538 5850 13 15 ,
4560 5833 13 14 *

4016 5876 139 26 Brazilië.
4176 5863 59 30 Obl.
4258 5865 177 30 1865....
4455 5871 17 22 5
4538 5883 13 14 ,
4604 5871 32 25 85

4048 5906 64 27 Dito
4128 5915 104 14 ....
4254 5897 63 25 1852
4331 5915 103 12 ....
4455 5902 46 31 41/2
4538 5916 13 13 „

4048 5937 63 27 Dito
4127 5947 104 14 ....
4253 5929 63 25 1858
4328 5948 105 9 ....
4455 5935 46 32 41/3
4538 5948 12 13 ,

4048 5969 63 27 Dito
4126 5980 105 14 ....
4253 5962 63 25 1860
4329 5981 104 9 ....
4455 5968 46 31 41/3
4538 5981 13 13 ,

4046 6002 64 26 Dito
4126 6018 6 6 .
4160 6015 5 5 ■
4192 6013 6 7 •
4222 6012 7 7 •
4253 5995 63 24 1863
4329 6013 104 9 ....
4455 6000 46 31 41/2
4538 6012 12 15 ,

4015 6037 117 27 Mexico.
4149 6026 150 32 Obligatien
4319 6027 58 24 1851
4395 6046 39 9 ..
4455 6033 15 24 3
4537 6046 12 13 „

4046 6065 64 27 Dito
4130 6061 74 25 1864.
4231 6077 39 7 ..
4296 6077 6 6 .
4328 6077 6 6 .
4359 6078 72 9 ...
4454 6065 15 24 3
4537 6077 12 14 ,
4618 6061 47 31 Si/s
4744 6058 63 33 59/i6

4046 6094 83 30 Aand.
4141 6096 15 22 6
4165 6091 58 33 pCt.
4235 6092 61 24 1865
4305 6089 43 27 Fr.
4357 6092 48 25 500
4427 6112 7 7 .
4525 6098 25 31 ƒ

4016 6132 143 26 Grenada.
4188 6122 149 33 Obligatien
4358 6138 7 7 .
4391 6143 6 7 .
4426 6144 6 7 .
4453 6131 17 24 3
4507 6131 51 32 pCt
4560 6151 5 6 .
4605 6124 86 33 1711/ig
4731 6120 63 33 17»/4

4046 6162 63 27 Dito
4130 6157 130 30 Gestemp.
4280 6154 156 35 Werkelijke

4045 6195 64 26 Dito
4129 6189 63 26 Dito
4208 6187 162 35 Uitgestelde
4390 6209 7 7 .
4423 6209 8 9 .
4618 6189 46 32 71/3
4744 6187 61 31 7»/i_

4013 6229 170 26 Venezuela.
4204 6219 86 33 Oblig.
4310 6222 61 25 1862
4391 6242 8 7 .
4424 6243 7 8 .
4453 6228 15 21 6
4506 6228 59 32 pCt.

4044 6259 65 27 Dito
4126 6255 40 25 uit
4181 6253 32 25 de
4230 6252 137 27 Conversie
4390 6274 40 11 ..
4453 6261 15 21 6
4535 6276 11 8 .

4044 6291 64 27 Dito
4452 6294 17 22 3
4534 6302 13 13 *
4616 6285 48 32 9i/«

4044 6324 64 26 Dito
4454 6326 33 31 11/
4498 6326 25 31 a
4534 6335 12 12 «

4012 6358 138 26 Ecuadok.
4170 6348 150 33 Obligatien
4342 6352 60 27 1855
4423 6376 6 7 .
4454 6359 8 22 1
4534 6379 7 1 „
4574 6347 4 40 |

4012 6426 65 28 Ned.
4095 6422 81 30 Bank,
4200 6418 74 27 Aand
4450 6430 17 22 5
4502 6426 59 33 pCt.
4578 6426 48 24 246

4012 6458 64 30 Ned.
4088 6451 253 34 Handel-Maatech.,
4351 6455 80 31 Aand.
4449 6461 47 28 41/0
4533 6470 13 13 u
4581 6458 47 25 112
4631 6455 30 33 5/8

4043 6489 63 27 Dito
4122 6487 63 26 Dito
4201 6484 156 31 Rescontre.
4383 6509 5 6 .
4414 6510 7 8 .
4574 6491 47 24 113
4706 6487 46 25 114
4837 6483 48 26 H
4924 6483 38 35 3

4011 6517 206 40 Entrepót-Dok,
4237 6517 90 34 Oblig.
4354 6541 6 7 .
4388 6542 6 6 .
4420 6544 6 6 .
4448 6524 46 33 41/,
4531 6534 12 14 „
4594 6524 30 22 91

4011 6555 65 30 Ned.
4094 6550 201 35 Rhijnspw.-M.,
4312 6552 83 31 Aand.
4416 6576 7 8 .
4573 6554 81 33 279i/ï

4043 6587 63 26 Dito
4122 6586 63 27 Dito
4201 6585 54 26 niet
4269 6585 93 33 volgef.
4384 6609 6 5 .
4416 6609 7 8 .
4579 6587 78 28 1003/4

4011 6620 64 27 Ned.
4093 6620 57 26 Ind.
4168 6617 125 34 Spw.-M.,
4312 6613 83 33 Aand.
4416 6639 8 12 ,
4443 6621 48 32 41/3
4527 6631 13 13 »

4044 6652 85 34 Oblig.
4147 6651 61 27 Dito
4226 6650 63 26 Dito
4302 6652 59 26 1869
4384 6673 5 6 .
4414 6673 8 9 .
4442 6652 47 33 41/3
4527 6661 12 15 »
4590 6646 65 33 90/4

4011 6686 63 27 Ned.
4084 6683 228 35 Centr.-Spw.-M.,
4320 6685 103 28 Aand..

4042 6719 63 30 Dito
4120 6718 63 27 Dito
4198 6715 86 35 Oblig.
4304 6718 15 26 3
4337 6717 59 34 pCt.
4419 6738 9 8 .
4518 6716 25 31 ƒ

4044 6754 63 28 Dito
4124 6752 63 30 Dito
4207 6748 157 34 gestempeld
4385 6772 7 8 .
4419 6772 6 8 .
4530 6759 13 15 »
4592 6744 64 35 661/3
4721 6744 65 34 668/4
