5067 6898
1839 1173 697 35 UITGEVERS-.-REKTE-TtEN:
2570 1175 333 34 GEBROEDERS
2935 1172 326 37 DIEDERICHS.

1861 1005 596 137 Maandag*
2533 1011 80 104 8
2687 1005 530 110 Januari.

399 985 482 39 ABONNEMENTSPRIJS
905 993 125 31 VOOR
1054 993 24 33 3
1102 990 242 37 MAANDEN.

167 1030 85 30 Voor
266 1032 197 34 Amsterdam
589 1042 85 40 ƒ6.
684 1063 38 4 —
731 1069 5 6 .
787 1046 83 31 Voor
891 1045 37 32 de
946 1044 122 43 overige
1090 1045 128 43 plaatsen
1241 1050 51 28 «les
1315 1050 85 38 rijks,
1414 1051 77 39 .ƒ7
1559 1071 7 9 .

167 1078 228 45 Afzonderlijke
411 1095 152 21 nummers
583 1102 28 17 .„
637 1091 97 32 0.08.
783 1091 203 44 Be-tellingen
1005 1104 34 19 en
1063 1104 168 32 aanvragen
1233 1096 124 40 franko
1368 1096 30 31 In
1409 1102 30 25 te
1449 1097 122 30 _end'éh.

168 1123 64 32 Het
252 1127 146 33 kwartaal
420 1139 83 24 moet
527 1135 128 33 voldaan
679 1140 57 40 zijn
757 1140 132 41 uiterlijk
912 1152 38 28 op
972 1142 57 28 den
1052 1142 44 28 15'
1153 1149 57 21 van
1233 1137 34 34 de
1289 1136 44 35 6*
1355 1140 116 33 __ond.

165 1170 57 31 Dit
242 1174 71 31 blad
333 1176 163 44 TergcViijnt
519 1181 164 45 dagelijks,
705 1188 124 30 behalve
852 1199 38 30 op
912 1188 104 31 enkele
1037 1183 176 46 feestdftgfeh.

128 203 170 99 lf.
373 204 412 103 118T4.

1152 118 2776 236 Courant

4357 214 176 100 A°.
4609 211 346 106 18W.

233 487 1753 376 ALGEMEEN
2205 487 2640 376 HANDELSBLAD.

3908 996 122 32 PRIJS
4055 997 94 31 DER
4170 993 376 34 ADVERTENTIEN:

3527 1048 69 32 Van
3617 1056 67 25 eEn
3712 1055 41 26 tot
3775 1061 72 20 vijf
3868 1059 120 33 gewone
4011 1049 96 40 regels
4120 1049 31 40 ƒ
4167 1048 89 32 1.25.
4299 1048 78 32 Elke
4400 1048 81 43 regel
4502 1058 79 20 meer
4800 1045 123 41 ƒ0.25.

3528 1098 183 40 Aanvragen
3730 1109 34 18 en
3784 1098 185 40 vermelding
3986 1107 58 20 van
4065 1096 182 39 liefdegiften
4263 1096 120 30 worden
4403 1096 149 40 geplaatst
4581 1106 53 30 per
4658 1095 80 40 regel
4753 1095 18 30 è,
4787 1094 38 30 15
4835 1097 90 26 cents.

3527 1143 164 32 Rcklames
3703 1146 34 31 of
3739 1144 233 41 aanbevelingen
3986 1144 145 40 (beneden
4142 1143 50 31 het
4204 1142 246 31 Binnenlandech
4461 1142 139 40 Nieuws)
4611 1152 53 31 per
4674 1141 78 40 regel
4763 1152 19 20 a
4789 1140 40 32 50
4839 1144 89 25 cents.

3527 1191 113 31 Groote
3666 1192 98 32 letters
3787 1194 118 30 worden
3933 1192 148 32 berekend
4103 1204 71 20 naar
4195 1191 50 31 het
4266 1189 98 32 aantal
4384 1199 118 31 gewone
4525 1189 111 40 regels,
4658 1189 52 28 dat
4736 1188 37 39 zij
4795 1186 133 31 beslaan.-

262 1302 164 58 Het
452 1305 202 67 jaar
692 1311 237 59 1869.

575 1403 51 27 111.

161 1456 54 27 Het
231 1466 180 28 programma,
429 1466 145 27 waarmede
592 1468 30 25 de
640 1469 100 27 nieuwe
758 1469 79 34 partij
857 1478 50 20 van
925 1468 109 32 Ollivier
1050 1470 21 27 is

125 1496 162 32 «opgetrode»
308 1506 34 20 en
360 1501 45 27 dat
424 1501 46 27 dus
487 1505 54 25 met
557 1506 69 27 volle
643 1508 76 26 rocht
733 1506 154 30 beschouwd
896 1509 105 28 woïden
1018 1506 52 31 kan

123 1533 44 27 als
191 1534 45 27 het
261 1541 164 32 programma
450 1550 51 20 van
529 1543 45 27 het
591 1545 99 28 nieuwe
707 1553 118 22 _a_w_e
843 1547 142 27 ministerie
1003 1547 67 28 luidt

122 1573 44 26 «Is
183 1573 91 34 volgt:

159 1610 77 30 «Wat
254 1613 99 30 betreft
370 1618 46 27 het
432 1618 170 28 buitenland•

262 1652 98 28 betreft
386 1656 46 26 het
459 1657 175 30 binnenland:
659 1663 157 34 Intrekking
842 1664 45 26 der
912 1664 52 27 wet
989 1670 32 27 op
1038 1663 32 27 de

124 1690 131 31 openbare
281 1691 148 34 veiligheid.
469 1694 105 30 Verbod
591 1707 51 18 van
659 1701 32 26 do
716 1702 168 33 vereeniging
902 1710 51 18 van
979 1702 91 33 groote

126 1726 197 31 traktementen
340 1740 33 24 op
385 1733 46 25 éisa
449 1731 125 30 titularis.

161 1767 167 27 /'Onderzoek
343 1776 51 19 van
411 1780 47 18 een
476 1774 89 26 stelsel
581 1783 51 17 van
650 1776 219 31 decentralisatie,
885 1780 133 25 Waardoor
1037 1787 31 24 op

124 1808 47 20 200
189 1802 79 30 breed
287 1807 155 33 mogelijken
461 1812 141 33 grondslag
620 1813 31 25 de
666 1813 149 26 autonomie
833 1814 84 25 wordt
934 1815 133 32 gevestigd

124 1846 53 20 van
196 1846 170 28 gemeenten,
393 1848 250 25 arrondissemeiiten
661 1858 31 15 en
712 1851 219 30 departementen.
967 1853 83 25 Inmid-

125 1879 58 26 dels
191 1890 7 15 :
216 1883 143 32 verplichte
379 1884 64 24 keus
459 1884 45 26 der
523 1884 110 33 ööires,
650 1886 39 26 uit
706 1886 50 26 den
774 1887 104 28 boezem
895 1890 45 27 der
951 1894 100 30 gemeen-

123 1916 119 25 teraden.

158 1956 188 34 «Hervorming
372 1967 50 19 van
439 1958 31 30 de
488 1961 122 35 kieswet,
630 1965 63 27 vóór
709 1965 30 27 de
758 1967 181 39 hernieuwing
957 1980 51 19 van
1023 1972 45 27 het

125 1994 163 32 Wetgevend
311 1996 141 37 Lichaam,
469 2003 53 26 met
539 2011 74 20 name
631 2003 118 39 regeling
772 2009 35 34 bij
829 2010 30 26 de
881 2011 52 27 wet
948 2021 50 18 van
1023 2014 45 27 het

123 2036 148 25 aantalen
295 2036 32 25 de
353 2043 111 27 grenzen
493 2042 46 27 der
555 2042 198 32 Weßdiatrikten
770 2056 33 20 en
817 2049 184 34 waarborging
1018 2060 50 21 van

123 2070 33 26 de
176 2073 112 34 vrijheid
307 2073 46 30 der
371 2079 190 37 verki-tageri.

331 2126 50 18 van
398 2120 51 26 art.
465 2125 32 24 75
515 2122 46 26 der
576 2124 155 30 konstitutie
742 2137 50 18 van
801 2128 46 26 het
856 2130 57 31 jaar
921 2131 73 31 VIII,
1006 2139 61 19 voor

123 2156 47 20 «oo
189 2153 57 26 veel
265 2153 98 30 betreft
379 2154 32 31 de
429 2159 189 37 verkiezingen,
637 2172 32 20 en
678 2166 31 26 de
725 2167 143 34 schending
878 2177 50 18 van
937 2169 30 26 de
977 2170 78 27 indivi-

124 2192 92 26 duele
234 2194 111 31 vrijheid
363 2205 31 18 en
411 2206 51 18 van
478 2199 45 25 het
540 2202 74 26 recht
631 2211 50 19 van
698 2205 136 27 domicilie.

346 2243 51 18 van
413 2237 175 33 persdelikten
607 2250 63 18 naar
686 2244 31 26 de
731 2244 70 34 jury.

119 2269 7 15 '
159 2267 177 38 «Afschaffing
353 2281 51 20 van
420 2275 46 27 het
483 2277 72 33 zegel
573 2288 32 25 op
622 2281 31 26 de
672 2282 145 34 dagbladen
841 2293 31 18 en
888 2284 180 33 ge«ieeltelijke

119 2309 165 33 vervanging
300 2317 52 19 van
370 2313 39 26 dit
425 2315 74 26 recht
517 2316 64 27 door
598 2327 47 19 een
661 2323 142 32 postrecht

158 2346 170 37 «Intrekking
345 2350 45 28 der
406 2353 178 35 bevoegdheid
600 2367 51 18 van
669 2361 30 26 de
717 2362 150 32 prefekten,
893 2373 40 17 om
959 2373 63 19 voor
1037 2365 31 26 de

122 2388 133 28 iwatsmg
273 2394 50 19 van
339 2389 138 32 judxcieele
496 2394 227 39 aankondigingen
731 2400 124 34 bepaalde
865 2401 145 34 dagbladen
1019 2412 48 18 aan

156 2459 132 34 'Vrijheid
307 2473 52 20 van
374 2469 99 37 hooger
490 2472 143 37 onderwijs.

120 2504 320 60 delsvCTdra>ilrlementaÜ
442 2518 17 19 '°
476 2515 111 32 enqUête
600 2523 65 20 naar
683 2518 31 26 de
733 2518 117 34 werkinS
867 2525 50 20 ™ü
940 2519 47 27 het
1004 2519 48 28 han-

118 2571 208 61 den(ÏSek
341 2589 65 21 MM
424 2587 52 26 alle
491 2588 141 30 bruikbar°
650 2593 129 30 middelen
795 2596 41 27 tot
846 2596 165 35 verbetering
1018 2606 50 19 van

299 2627 66 45 ?V
366 2626 217 33 TCI'Standelijkcn
601 2636 32 19 en
830 2636 123 25 toestand
969 2644 51 17 van
1037 2637 30 25 de

118 2653 97 28 groote,
230 2657 181 30 meerderheid
430 2662 45 27 der

118 2691 85 64 wiS
228 2706 131 48 f°™
361 2713 33 18 va
422 2711 117 26 omvatt»
565 2713 56 27 niet
633 2691 32 52 'al
681 2717 111 34 hetgeen
813 2720 61 26 door
894 2720 30 26 de
941 2720 125 26 liberalen

117 2779 58 15 _«v
187 2740 47 54 L
268 2750 56 45 r-f
366 2750 32 20 Cn
423 2747 117 28 rtrookto
565 2753 89 34 rtcm«
679 2757 54 25 niet
750 2759 53 24 luet
822 2758 30 26 de
869 2759 136 26 wenschen
1022 2759 45 26 der

120 2778 234 34 cavazoenhjken,
372 2791 72 20 maar
462 2787 39 32 zij,
521 2789 40 25 die
578 2791 56 25 niet
650 2793 38 26 als
705 2794 237 34 laatstgenoemden
957 2805 93 19 eenvou-

118 2815 50 30 ««
202 2822 203 34 omverwerping
431 2824 133 34 beoogden
607 2837 50 20 van
672 2831 46 27 het
738 2833 148 33 bestaande,
905 2837 65 26 doch
986 2851 32 5 -
1035 2837 30 33 zij

120 2855 99 60 'tiden
242 2894 20 21 7i
278 2865 87 50 °n/
366 2861 57 54 lof
424 2863 26 26 tB
477 2864 39 26 aIS
541 2867 190 31 Wb<>™^
749 2875 80 24 -do
852 2876 76 31 proef
940 2878 124 31 gewaagd

119 2926 51 24 rik
198 2937 15 12 v
246 2930 25 19 u
326 2896 46 53 f**
389 2900 148 30 hcrTOnmn
539 2910 18 26 *
574 2910 50 21 ™*
640 2908 45 26 het
704 2909 135 35 keizerrijk
859 2916 27 24 in
904 2890 161 50 hel?keizer-

120 2929 58 59 Vit
201 2941 41 47 rti
308 2976 5 12 ,
350 2974 6 14 i
413 2941 28 24 at
458 2948 59 20 meß
536 2942 57 26 ni6t
692 2956 32 25 °P
741 2957 59 17 eens
816 2950 52 25 kon
882 2953 141 33 verlangen
1033 2961 31 18 on

122 3007 25 15 w
157 3004 45 24 erd
228 2968 138 66 JevraS
385 2978 161 53 W
900 2998 164 25 I'^^anuna

122 3034 87 27 kunde
233 3041 90 21 WW
385 3013 124 28 tevleden
533 3019 27 24 te
585 3027 58 25 2'3n-
677 3024 72 26 Eene
772 3027 194 26 vredelievende
984 3031 67 22 staat-

123 3046 129 53 deriiLn
281 3085 33 14 na
331 3054 41 45 T
372 3056 72 44 nOVC,
439 3059 15 40 r,
470 3053 46 26 het
533 3054 152 31 buitenl^
702 3063 70 24 werd
790 3071 32 24 op
839 3066 107 30 weinige
964 3066 85 24 uitzon-

122 3119 41 18 v«h
184 3120 77 17 suoor
288 3124 50 13 v™
359 3092 45 45 T
424 3089 66 43 ~len
507 3094 155 28 S^nscht.
679 3097 130 27 Evenzeer
826 3109 52 17 was
894 3109 57 17 men
970 3109 32 24 op
1018 3102 46 25 het

122 3113 107 57 Inlr
250 3124 54 46 17
320 3167 12 4 -
387 3157 5 13 ,
422 3123 22 47 S
444 3131 143 17 0
613 3131 216 30 langzamerhand
848 3137 132 32 algemeen
996 3144 67 25 gaan

124 3158 41 19 mz
178 3159 31 18 en
246 3151 46 27 dat
315 3156 152 38 Iranknjks
493 3163 91 31 groote
600 3163 85 30 kwaal
703 3170 106 32 gelegen
829 3181 52 18 was
896 3172 27 26 in
940 3174 31 25 de
989 3182 60 19 voor-

120 3193 165 26 beeMelooze
305 3197 176 30 centralisatie
498 3201 45 28 der
560 3207 189 32 regeermacht,
770 3209 79 26 welke
868 3213 72 25 reeds
958 3211 105 34 dagtee-

124 3233 85 25 Jrende
228 3240 50 20 van
294 3242 63 21 voor
374 3237 31 28 de
423 3243 184 37 omwenteling
620 3255 31 18 en
660 3247 85 27 sedert
755 3256 41 19 eer
807 3257 51 19 was
867 3254 137 33 verergerd
1012 3255 51 27 dan

125 3274 174 27 verminderd.
325 3276 217 35 Decentralisatie
568 3294 52 19 was
638 3287 47 28 dus
703 3289 48 27 ook
769 3291 46 27 het
830 3294 175 27 wachtwoord
1013 3305 50 18 van

118 3311 182 67 to~7
301 3325 32 26 g
346 3325 14 26 0
361 3320 76 34 lmrtij
465 3330 33 48 °\
516 3332 45 20 Zo°
579 3327 30 35 Zij
613 3348 6 11 '
637 3331 53 27 wat
706 3331 40 28 dit
764 3333 66 35 Punt
847 3333 105 37 h^<
970 3345 32 27 op
1018 3337 45 30 het

122 3390 64 24 zaak
220 3363 67 51 va?
295 3396 12 18 +
358 3370 78 44 e,-r
437 3372 50 18 mel
488 3365 67 33 king
572 3367 51 26 had
625 3390 6 9 '
658 3372 51 25 dan
724 3372 90 27 tó™f
829 3376 45 25 hot
891 3378 96 25 slechts
1004 3386 59 18 eene

122 3432 59 22 men
206 3432 33 25 de
259 3443 17 14 n
385 3399 38 58 t
438 3403 80 54 °ff
520 3405 119 32 SeSCmt
659 3409 76 30 Mm
737 3420 33 26 %'
787 3413 122 37 namel*ik
926 3416 76 33 deze,
1018 3418 46 26 dat

119 3432 85 63 5_
224 3445 128 50 ___Z!
439 3443 97 27 slechts
553 3450 53 30 «*.
632 3457 73 20 «aar
722 3452 48 26 ook
788 3457 65 24 «foor
868 3456 31 27 de
919 3458 144 32 gemeente,

118 3508 72 53 j^ont
208 3515 25 18 n.
255 3513 94 31 „aagt
366 3513 46 26 het
429 3523 164 25 programma
612 3523 123 33 _(,•_*„,
752 3534 51 18 van
820 3527 48 26 art.
888 3530 32 24 7:,

124 3544 105 24 stitntie
242 3555 50 17 van
304 3548 45 25 het
363 3560 60 21 jaar
431 3554 73 28 VIII,
519 3555 31 25 de
559 3556 126 27 liberalen
692 3561 45 24 der
746 3562 116 32 richting
873 3572 47 15 van
933 3565 32 26 Le
976 3565 89 33 Temps

123 3579 129 37 begeeren
268 3583 45 26 het
330 3586 105 33 geheele
451 3591 51 26 art.
517 3591 27 27 te
561 3593 57 27 zien
634 3595 157 37 afgeschaft;
809 3609 79 21 maar,
907 3601 39 27 dit
959 3604 26 26 te
1004 3604 46 27 ken-

123 3627 52 19 nen
191 3622 123 31 gevende,
331 3625 61 26 verk
405 3634 60 19 aren
483 3630 31 34 zij
531 3632 97 34 tevens,
647 3635 45 28 dat
710 3646 58 20 men
784 3640 54 26 met
853 3648 60 18 eene
925 3641 139 28 voldoende

122 3664 133 51 weging
272 3661 150 39 voorloopig
442 3677 132 28 genoegen
589 3683 92 22 nemen
698 3679 59 27 kon.

158 3702 83 24 Aldus
262 3702 110 30 schenen
390 3706 65 30 aller
470 3713 136 26 wenschen
624 3716 139 34 bevredigd
783 3720 27 27 te
829 3723 60 32 zijn,
917 3723 30 25 of
961 3723 104 25 althans

285 3744 120 33 worden,
431 3756 72 20 maar
520 3750 46 27 het
583 3755 148 30 aanbreken
748 3767 50 20 van
816 3759 48 27 den
881 3761 117 27 nieuwen
1015 3761 51 34 dag

126 3785 96 48 ■MKVif
280 3790 17 18 n
299 3791 31 25 °°
346 3794 39 34 .e«
386 3795 26 17 m
415 3796 48 24 Sen
493 3790 50 32 t[id
560 3795 132 33 wachten,
711 3798 63 26 daar
791 3800 31 25 de
840 3801 98 25 nieuwe
956 3809 110 17 mannen

128 3816 128 32 hhjkbaar
263 3822 126 33 ongezind
398 3831 94 26 waren,
502 3828 98 27 detaak
609 3840 32 27 op
651 3835 56 27 zich
715 3837 123 27 tenemen
848 3839 45 27 der
898 3839 168 34 verdediging

126 3862 117 53 ZZ°l
418 3872 13 19 a
433 3865 53 51 _éto
503 3867 200 40 kant»idaturen,
722 3876 40 26 die
778 3887 52 24 nog
839 3880 115 25 moesten
963 3879 103 26 worden

125 3895 183 32 goedgekeurd
326 3908 32 18 en
376 3901 39 26 ,ht
432 3904 48 25 dus
498 3907 142 28 overlieten
658 3920 50 20 aan
719 3915 50 25 den
777 3917 126 31 minister,
913 3918 41 25 die
964 3918 31 25 de
1005 3925 45 17 ver-

126 3933 135 37 beringen
279 3934 52 32 had
347 3940 102 32 geleid,
470 3944 92 34 terwijl
581 3946 31 27 de
628 3951 162 31 minderheid
808 3956 128 26 volstrekt
953 3956 53 27 niet
1022 3964 28 26 ge-

126 3976 83 30 negen
226 3976 74 27 bleek
320 3979 26 25 te
365 3987 58 25 zijn,
441 3985 53 21 met
509 3984 46 25 het
573 3992 48 27 oog
639 3997 33 27 op
689 3992 31 26 de
736 3994 80 32 goede
835 3996 94 33 dingen
948 3996 41 26 die
1007 4003 44 18 zou-

142 4046 30 24 ie,
208 4022 93 48 T*'
314 4056 18 14 n
350 4056 11 14 6
376 4018 92 52 „eC^_
490 4020 96 34 diDgen
602 4032 51 21 Van
670 4037 60 20 vroe
731 4041 46 25 Ser
794 4035 63 25 door
874 4035 31 25 de
920 4035 104 32 vingers
1039 4036 26 22 te

124 4052 40 48 *;
184 4071 6 6 •
208 4052 74 35 Bijna
300 4056 56 27 elke
373 4057 175 31 kandidatuur
566 4070 53 20 was
635 4067 31 27 de
683 4071 149 35 aanleiding
839 4074 43 25 tot
889 4081 48 19 een
945 4072 120 35 vinnigen

124 4090 58 53 TJ
221 4101 56 46 r,
286 4103 41 35 60-'
330 4104 15 43 3,
448 4106 40 25 lge
507 4100 84 33 dagCn
606 4103 106 33 Belede»
731 4109 119 35 «mdigde
868 4111 56 31 die,
941 4113 83 25 nadat
1039 4111 27 25 in

125 4129 47 25 het
188 4131 91 32 geheel
296 4133 48 35 vgf
361 4133 181 39 verkiezingen
559 4148 50 19 van
627 4149 136 26 onwaarde
784 4159 86 18 waren
887 4150 145 27 verklaard.

163 4168 84 30 thans
272 4174 89 25 echter
385 4174 92 27 diende
503 4176 45 26 het
567 4179 195 34 interimistisch
780 4189 141 25 ministerie
939 4191 48 31 zijn
1005 4191 61 24 ont-

128 4213 58 51 HÜ
324 4219 69 45 F*
462 4221 86 43 xCIZCr
568 4217 51 27 dm
635 4220 63 31 heer
717 4226 109 27 OH^ier
842 4228 32 26 de
891 4227 63 27 taak
972 4235 32 25 op
1020 4235 46 18 een

125 4247 320 58 kZ--^-™
471 4302 13 2 _
508 4254 98 50 _.ellen-
624 4259 47 26 DH
850 4267 34 32 bij
894 4267 174 32 eigenhandig

125 4279 19 26 k
171 4285 89 33 zerhjk
279 4287 125 34 schnjven
437 4291 196 33 gedagtekend
651 4303 32 26 27
700 4303 77 33 Dcc,
796 4315 46 17 eon
861 4305 104 31 datum,
983 4305 41 26 die
1042 4305 25 25 in

125 4323 180 28 geschiedenis
327 4335 52 18 van
396 4328 139 34 Frankrijk
550 4331 93 37 hoogst
659 4342 143 35 gewichtig
819 4344 39 26 zal
875 4344 110 32 blijven,
1005 4344 63 26 «laar

125 4358 38 32 hl
190 4363 67 26 mets
281 4365 100 25 minder
398 4364 123 33 beduidt,
540 4370 51 26 dan
608 4372 45 28 het
670 4378 59 27 eind
749 4390 48 17 van
815 4383 48 24 don
881 4383 185 32 persoonlijken

126 4402 230 32 legeeringsvorm.
383 4403 38 25 De
438 4403 85 27 keizer
540 4408 61 28 toch
611 4420 120 25 verzocht
742 4421 116 32 Ollivier,
875 4422 58 25 hem
944 4429 124 25 personen

129 4442 50 19 aan
196 4442 26 22 te
242 4447 97 24 wnzen,
357 4442 40 24 die
413 4443 54 24 met
483 4442 59 28 hem
560 4455 44 17 een
621 4452 97 20 lm—_.
784 4459 105 13 _v-_.
900 4459 7 13 i
956 4461 11 11 j

128 4480 73 25 men;
220 4485 146 25 „personen,
384 4479 40 26 die
444 4480 154 33 beschouwl
614 4489 17 26 k
633 4500 12 15 u
646 4461 52 54 T
790 4461 100 54 /f
900 4460 151 27 kond«nvor-

129 4513 281 33 vertegenwoordigers
436 4517 45 26 dor
504 4491 181 63 moerderï^
782 4507 125 46 wwl
984 4506 20 47 T
1004 4506 64 47 7-°

128 4548 93 26 chaam
244 4559 32 15 en
301 4553 120 32 vastelijk
445 4528 117 58 beslot
589 4528 50 60 2
672 4572 26 21 t,
706 4543 51 48 T
777 4574 7 19 !
803 4539 26 54 f
1024 4537 44 25 L'"

132 4585 31 26 de
181 4586 79 25 letter
280 4587 38 26 als
333 4598 65 19 naar
407 4592 50 26 den
465 4599 72 25 geest
547 4609 48 15 van
607 4605 45 19 w
717 4573 128 28 bandelon
850 4597 6 9 '
874 4584 46 18 zo°
939 4576 46 26 wel
1005 4584 63 18 naar

161 4624 39 26 De
226 4624 149 39 uitvoering
396 4638 51 19 van
463 4604 60 60 Se._
543 4605 292 65 Et_*ï_***f

126 4661 94 35 kring,
237 4672 73 20 maar
327 4677 119 19 wanneer
463 4644 170 65 het^Olhvier
643 4646 40 63 1

129 4701 69 31 mate
222 4706 91 32 gelukt
340 4709 27 26 te
394 4682 209 61 beantwooïïV
621 4730 50 19 aan
697 4698 122 51 d"'"'^
821 4701 17 17 11
870 4702 12 17 '

129 4741 41 27 die
197 4743 31 35 zij
256 4746 90 28 zelven
371 4756 32 19 en
428 4750 76 28 velen
529 4757 119 30 methen
670 4774 46 14 aan
744 4730 81 58 Sf
836 4739 38 50 F
1062 4750 6 11 '

129 4781 102 30 hebben
248 4794 31 57 f
281 4787 73 26 koest
385 4788 14 25 d
426 4789 17 25 d
495 4761 40 59 J

131 5099 65 37 king
211 5101 57 26 zich
285 5105 56 22 met
353 5104 152 33 goedschiks
515 5109 92 26 scheen
617 5114 26 24 te
652 5117 86 25 willen
748 5120 190 33 onderwerpen,
947 5125 122 24 ofschoon

131 5139 32 28 de
188 5141 70 26 staat
283 5141 45 27 der
351 5143 128 34 openbare
497 5145 189 33 geldmiddelen
705 5152 59 28 deze
783 5165 32 17 en
831 5156 139 35 dergelijke
987 5163 66 21 maat-

131 5181 105 32 regelen
253 5181 126 34 dringend
396 5184 150 28 vereischte.
572 5187 131 35 Gelukkig
718 5198 85 20 waren
816 5193 59 26 deze
888 5196 117 27 onlusten
1016 5197 54 26 niet

131 5228 61 28 van,
208 5222 112 34 ernstige
346 5222 149 28 beteekenis
519 5235 33 19 en
575 5229 48 28 liet
648 5239 58 19 men
732 5231 234 38 Cambray-Digny
985 5236 85 34 rustig

131 5262 145 33 voortgaan
293 5264 53 25 met
364 5264 63 33 zijne
444 5264 137 37 pogingen,
600 5278 41 20 om
651 5272 45 27 het
705 5274 143 27 evenwicht
861 5275 122 27 tusschen
991 5276 79 27 baton

131 5307 33 18 en
181 5301 84 26 lasten
281 5302 26 26 te
325 5302 148 30 herstellen.
497 5306 64 28 Met
580 5309 25 27 al
625 5313 64 33 zijne
705 5314 111 33 plannen
834 5314 149 28 intusschen
997 5316 59 28 droe-

131 5346 52 25 gen
216 5347 120 20 evenzeer
369 5343 30 26 de
425 5347 248 39 goedkeuringweg
709 5362 50 19 van
776 5355 46 27 het
837 5357 217 33 vertegenwoordi-

132 5380 66 28 gend
215 5380 111 26 lichaam
351 5392 31 17 en
398 5393 71 18 meer
488 5386 51 26 dan
555 5396 59 19 eens
631 5400 48 26 zag
696 5394 35 35 hij
750 5395 56 27 zich
822 5396 185 34 genoodzaakt,
1024 5406 31 26 ge-

132 5415 142 61 nftoÓÜf
275 5457 7 20 1
326 5428 41 48 er
364 5430 45 37 V°-
413 5424 73 53 rStf
489 5432 46 45 e-\
543 5426 28 26 in
595 5430 27 25 te
640 5432 109 28 trekk«»
768 5437 28 25 of
854 5437 131 34 wijzigen,
1003 5447 67 18 soms

133 5532 52 18 met
203 5530 31 20 de
250 5531 58 19 miri,
337 5535 7 15 i
377 5517 76 33 7.,,
482 5538 12 12 ,
604 5516 76 20 nauw
696 5520 106 20 meenen
819 5517 27 26 te
861 5518 102 25 moeten
979 5525 91 18 nemen

135 5604 143 26 Bchiedenis
294 5615 51 18 van
366 5610 50 25 don
439 5614 99 31 majoor
556 5590 71 57 Lobl
640 5597 113 53 a2\

133 5642 50 27 den
200 5642 185 37 beschuldigde
403 5657 50 18 van
470 5652 86 28 hunne
575 5628 56 54 2,,
659 5644 12 38 't
770 5639 98 44 1^
887 5634 163 33 a{S™rdig-

135 5682 157 26 voordracht
307 5685 26 25 te
352 5685 102 28 hebben
464 5691 124 28 verkocht
601 5667 104 54 Z__
821 5679 77 43 1-?*
908 5681 76 18 Cenel'

136 5719 40 26 die
202 5720 197 38 beschuldiging
423 5726 63 26 door
509 5737 65 24 geen
592 5717 5 9 '
599 5744 12 15 e
613 5707 34 54 S
810 5709 128 34 gebleken
954 5719 60 24 was,
1026 5713 45 26 dat

135 5759 104 26 worden
255 5732 200 61 gestaafd'zich
472 5733 419 77 Ww^fiJï*?
1020 5752 51 58 *?

136 5797 115 33 aanslag,
268 5807 32 19 en
317 5802 69 27 later
402 5804 115 33 deswege
534 5822 32 5 -
581 5781 130 58 v^Z*
759 5786 58 53 if
855 5796 157 44 TV?™
1015 5797 14 19 o**'0
1031 5790 41 26 **'

136 5832 48 26 den
202 5836 104 27 rechter
321 5842 71 26 werd
406 5843 167 28 veroordeeld
581 5817 104 28 WOgens
692 5823 150 27 81™lat'°n
854 5826 144 26 dedéht-
1010 5829 63 26 door

169 5871 84 28 Reeds
268 5876 39 25 dit
324 5885 61 19 eene
402 5882 105 26 voorval
522 5883 102 32 bewijst
648 5893 46 22 dat
711 5895 32 20 d.
757 5898 70 17 *-,_
870 5902 8 12 «
896 5903 7 7 .
939 5904 58 11 _

136 5909 65 26 alles
217 5911 109 28 behalve
343 5916 90 26 helder
449 5920 28 30 is,
496 5928 31 18 en
544 5930 27 18 er
587 5934 47 17 nn-
657 5940 13 11 .
705 5934 6 5 •
778 5902 102 48 -f-**
895 5914 26 17 ln
934 5906 139 32 ltaMn^

137 5946 92 34 loopen
248 5960 43 18 c»r
308 5953 32 27 de
357 5954 73 34 strijd
455 5966 63 19 vor
534 5968 31 19 en
581 5963 13 25 t
595 5973 12 18 c
607 5935 51 58 °on
846 5942 40 25 Zal
902 5946 103 26 m°eten

137 5982 130 38 holangen
282 5993 138 28 verandert
437 5996 26 25 in
481 6006 46 19 een
543 6002 103 33 znive«
646 6018 19 19 n
676 5975 170 63 S„^
863 5991 31 17 ™
912 5983 43 54 plf
957 5983 83 54 atsf
1042 5985 31 25 ke

138 6019 65 30 **r
220 6026 50 26 dan
287 6032 48 25 „ok
353 6032 139 30 herhaalde
511 6013 130 59 wijzig!
677 6013 79 59 J*?

138 6056 46 26 het
201 6059 274 46 kabinet-Menabrea,
500 6046 164 66 zondT^i
685 6097 28 17 »
725 6053 77 60 *mf
802 6053 47 38 lflk
848 6096 7 18 I
873 6058 69 56 »^
941 6060 64 37 din«
1024 6070 50 18 TOn

139 6097 51 22 kl«
201 6115 6 9 -
231 6104 67 25 welk
320 6109 132 30 algemeen
471 6123 32 17 en
521 6090 130 50 trew^-V,?
677 6125 41 14 >,
765 6092 31 27 be
797 6096 139 34 P**ldelÖk
960 6107 113 24 °Pgeven

139 6132 148 38 aanleiding
304 6145 48 30 gaf
471 6123 32 17 en
520 6120 141 35 gewicbt«
788 6133 41 25 tot
847 6133 40 27 dio
904 6136 171 35 verandering

141 6210 46 26 het
208 6208 60 27 land
287 6185 209 67 gaat'Sjkw
510 6200 38 53 _T
556 6196 70 57 w^
715 6208 159 33 yOTDlÜ<l«nd
894 6214 181 33 verschijnsel;

141 6247 90 32 mende
256 6250 124 31 welvaart
405 6268 28 18 m
437 6262 18 26 \\
458 6273 31 18 m
507 6275 14 17 O
523 6268 32 25 ok
574 6279 15 11 «*
640 6246 22 48 T
698 6247 104 25 V°°''uit
819 6256 32 17 en
868 6252 52 25 ,net
939 6252 30 27 de
986 6254 72 26 tomv-

142 6295 119 25 waaraan
278 6289 48 31 zijn
344 6294 182 33 staatkundig
543 6286 185 45 t___-jeT?B
746 6283 30 27 do
795 6286 100 28 kwa,on
913 6292 163 34 verdvrijnen,

142 6327 122 34 slissende
281 6330 202 37 veranderingen
496 6330 48 37 'ton
562 6348 64 21 «rood
676 6356 13 14 ,
702 6328 26 41 f
730 6328 28 18 ns
776 6332 51 25 nog
842 6326 69 32 lijdt-
938 6330 73 27 Milav
1030 6331 31 27 b

143 6373 50 35 rijk
216 6371 32 27 de
274 6367 151 33 af-eloopen
446 6372 137 38 jaarkring
600 6360 73 50 nt°
738 6397 7 13 ,
763 6360 90 30 kwado
872 6365 72 26 hooffc
959 6377 63 17 voor
1038 6371 38 24 clit

144 6417 31 26 de
201 6410 112 34 ernstig
338 6407 83 27 ziekte
439 6418 31 18 en
488 6412 46 26 het
549 6394 125 56 gelnkkL
687 6400 34 51 f
749 6405 31 44 f
780 6407 35 44 f'
816 6402 8 24 1
892 6405 184 34 uit«ezon<lCTfl

143 6452 158 32 Emmanuel,
318 6450 22 27 is
357 6456 28 20 er
400 6456 135 27 nagenoeg
550 6456 67 26 niets
874 6443 63 52 k-T-
953 6456 17 22 g
986 6446 91 27 Vict°r

145 6506 41 19 om
203 6496 46 28 het
265 6494 57 27 hier
338 6490 27 27 in
380 6487 167 35 herinnering
562 6493 27 25 te
607 6476 113 56 brengt
809 6495 7 12 '
824 6482 142 35 sewicLt«
979 6491 98 28 &uo°g

177 6575 58 27 Ook
262 6575 26 27 in
313 6573 46 28 het
383 6566 193 39 rampspoedige
601 6569 93 37 Spanje
722 6576 70 33 bleef
815 6588 28 26 de
862 6589 63 25 d-«.
973 6598 7 17 i

145 6615 130 26 wenschte
294 6613 136 34 boslissing
445 6609 47 28 uit.
527 6607 93 28 Latere
633 6609 77 32 jaren
725 6622 70 22 eerst
810 6628 84 20 zni,„„
921 6633 6 15 i
997 6646 12 2 _

145 6652 252 34 onderhandelingen
419 6648 172 34 blootleggen,
615 6652 112 28 gevoerd
751 6659 53 22 met
822 6635 98 51 11°-,
954 6643 24 35 ,?
980 6635 96 27 cbcml°

145 6692 48 21 «
221 6685 38 30 *
288 6687 51 37 *
363 6696 46 22 ~
432 6687 98 39 ta*
556 6685 26 31 *
608 6692 86 34 ,eren,
730 6687 60 32 Da,
813 6661 129 72 et^tl
954 6670 58 65 St
1030 6681 46 63 gt'

1109 1309 137 26 noegzame
1272 1303 135 26 zekerheid
1431 1303 105 34 blijken,
1565 1302 47 30 Wie
1637 1310 33 22 en
1694 1302 53 30 Wat
1770 1305 41 26 tot
1840 1297 119 34 dusverre
1983 1311 61 19 eene

1110 1341 130 37 oplossing
1266 1348 50 21 van
1344 1342 39 27 dit
1403 1345 142 33 vraagstuk
1559 1344 103 28 hebben
1678 1342 162 30 verhinderd.
1866 1344 86 27 Thans
1969 1343 76 34 blijkt

1110 1378 90 33 allceil,
1219 1381 45 26 dat
1279 1382 112 34 hetgeen
1408 1387 50 22 van
1475 1382 50 28 den
1541 1390 118 27 aanvang
1677 1384 27 26 af
1719 1384 70 26 veler
1804 1384 137 32 bedoeling
1951 1383 93 33 schijnt

1109 1419 26 27 te
1163 1419 50 35 zijh
1230 1421 111 34 géweeat
1358 1436 31 4 —
1407 1416 46 33 liet
1474 1423 142 27 aanbieden
1633 1423 44 27 der
1694 1423 81 27 kroon
1792 1430 48 19 aan
1858 1430 45 19 een
1919 1422 71 34 prins
2007 1422 38 27 uit

1109 1454 46 31 het
1180 1456 59 28 huis
1254 1467 51 19 van
1323 1460 97 33 Savoye
1439 1475 31 6 —
1487 1462 40 26 tot
1545 1469 52 27 nog
1611 1463 44 25 toe
1674 1462 69 26 werd
1756 1462 155 26 verhinderd
1919 1462 63 26 door
1990 1469 41 19 oor-

1109 1495 79 28 zaken
1199 1518 5 11 ,
1213 1506 64 19 naar
1285 1499 80 26 welke
1375 1507 59 19 men
1442 1500 96 28 slechts
1547 1501 51 27 kan
1616 1501 91 34 gissen,
1716 1501 66 27 doch
1799 1501 40 27 die
1846 1509 59 19 men
1922 1500 54 28 niet
1993 1498 52 30 niet

1106 1534 128 34 juistheid
1250 1537 69 26 kent.
1344 1537 61 27 Men
1422 1540 66 25 weet
1507 1540 54 26 niet
1578 1540 56 27 veel
1650 1547 76 24 meer.
1744 1540 50 27 dan
1813 1535 45 32 dat
1874 1540 73 27 reeds
1958 1540 26 27 in
1997 1540 47 26 den

1109 1583 118 25 aanvang
1253 1584 48 18 van
1320 1576 46 27 het
1383 1578 152 34 afgeloopen
1547 1579 60 33 jaar
1624 1577 70 30 Werd
1711 1577 193 30 onderhandeld
1923 1586 60 20 over
2002 1576 43 31 hét

1108 1612 142 27 aanbieden
1270 1615 45 25 der
1333 1615 81 27 kroon
1431 1625 50 18 aan
1499 1617 48 27 den
1565 1618 94 33 hertog
1676 1626 50 19 van
1739 1619 96 28 Genua,
1846 1619 46 25 dat
1900 1624 32 21 rta
1944 1618 30 26 dr
1985 1625 45 18 aan-

1108 1651 105 33 neming
1238 1651 45 26 der
1306 1650 155 28 konstitntie
1483 1655 30 25 de
1533 1655 137 34 beslissing
1687 1657 69 31 nabij
1773 1657 92 24 scheen
1885 1658 26 22 te
1931 1656 65 34 tijd,
2014 1671 31 2 —

1109 1689 45 25 dat
1173 1685 30 35 zij
1222 1690 85 25 sedert
1324 1691 85 25 weder
1426 1693 69 25 werd
1511 1693 130 37 verdaagd
1658 1702 32 18 en
1707 1689 122 30 ofschoon
1846 1701 57 18 men
1923 1701 52 24 nog
1990 1693 54 26 niet

1107 1727 50 25 alle
1182 1727 67 32 hoop
1276 1728 71 24 heeft
1367 1731 146 31 opgegeven
1525 1749 5 9 ,
1548 1737 31 25 op
1599 1730 38 25 _t
1654 1731 138 31 oogenblik
1807 1731 26 24 in
1853 1730 58 26 deze
1930 1730 115 32 richting

1107 1772 63 24 geen
1189 1763 126 25 uitkomst
1332 1765 94 31 schijnt
1443 1767 26 22 te
1487 1767 104 24 worden
1607 1768 138 26 verwacht.
1780 1767 61 27 Wat
1858 1775 48 17 van
1924 1766 39 27 dit
1981 1768 61 24 alles

1107 1800 31 24 de
1165 1801 109 24 oorzaak
1298 1801 22 24 is
1345 1802 65 24 Weet
1435 1809 59 18 men
1511 1802 56 25 niet
1581 1811 30 18 en
1630 1802 45 26 het
1693 1812 46 17 zou
1756 1802 59 34 ijdel
1837 1805 64 31 ziju,
1923 1802 105 27 dienaan-

1106 1835 98 33 gaande
1221 1833 57 33 Sich
1296 1839 26 26 in
1339 1839 131 34 gissingen
1489 1841 26 26 te
1533 1841 144 34 verdiepen.

1137 1876 142 31 Inmiddels
1296 1897 31 2 —
1344 1890 31 18 en
1394 1881 74 27 reeds
1483 1881 39 27 dit
1543 1892 32 26 op
1591 1883 57 27 zich
1664 1884 53 27 zelf
1730 1884 22 26 is
1769 1892 60 19 eene
1847 1885 63 26 zaak
1931 1892 48 18 van
1989 1884 54 27 niet

1107 1918 92 35 gering
1214 1919 97 35 belang
1331 1937 31 4 —
1383 1923 70 26 hield
1470 1924 46 26 het
1533 1924 150 33 voorloopig
1700 1924 100 26 bewind
1818 1924 57 27 zich
1892 1924 105 26 staande
2014 1932 31 18 en

1108 1958 69 27 werd
1194 1959 31 27 de
1243 1961 98 27 nieuwe
1357 1962 154 27 konstitutie
1528 1964 159 33 vastgesteld
1704 1972 32 18 en
1755 1964 163 26 maarschalk
1936 1963 107 28 Serrano

1107 1998 41 27 tot
1173 2002 92 32 regent
1292 2002 120 33 gekozen.
1447 2003 70 26 Eene
1541 2003 98 34 poging
1663 2003 46 26 der
1734 2003 161 35 aanhangers
1917 2013 50 17 van
1987 2000 58 30 Don

1108 2039 97 31 Carlos,
1214 2046 41 19 om
1273 2041 31 25 de
1322 2041 139 27 bestaande
1470 2042 60 26 orde
1547 2043 139 32 valzaken
1696 2049 87 20 omver
1800 2046 27 24 te
1846 2052 100 25 worpen
1958 2062 6 12 ,
1977 2042 67 26 vond

1108 2078 93 34 weinig
1209 2078 79 34 bijval
1298 2087 33 18 on
1352 2080 70 27 werd
1429 2081 54 26 met
1499 2081 106 34 geringe
1613 2081 96 28 moeite
1726 2081 167 27 onderdrukt.
1911 2081 133 34 Ernstiger

1108 2125 52 19 was
1178 2119 26 24 in
1220 2118 46 26 het
1281 2117 91 35 najaar
1390 2125 60 21 eerte
1472 2121 98 33 poging
1591 2121 45 25 der
1655 2121 156 26 federatieve
1828 2121 216 33 republiekcinen,

1108 2164 40 20 om
1166 2154 104 31 hunnen
1286 2158 152 35 meeningen
1462 2160 239 34 gewapenderhand
1721 2160 98 34 ingang
1834 2161 26 25 to
1879 2160 165 28 verschaffen-

1108 2197 38 25 De
1170 2197 196 34 Onderwerping
1391 2207 51 17 van
1457 2199 123 26 Valencia
1598 2200 103 25 maakte
1719 2200 48 25 ook
1783 2200 109 25 hieraan
1909 2209 44 15 een
1970 2200 74 25 einde

1108 2244 32 18 en
1163 2236 31 26 de
1217 2236 196 34 buitengewone
1429 2239 183 32 maatregelen,
1630 2238 93 32 tijdens
1742 2239 48 25 don
1808 2237 110 35 opstand
1935 2237 63 27 door
2015 2238 30 25 de

1108 2274 133 35 regeering
1271 2276 176 33 noodzakelijk
1469 2277 122 32 gekeurd,
1617 2277 99 26 konden
1750 2278 126 25 wederom
1907 2277 136 26 intrekken

1106 2313 59 32 ken,
1181 2315 94 25 zonder
1294 2315 45 25 dat
1356 2316 46 25 het
1421 2316 60 25 zelfs
1494 2316 81 25 haren
1592 2316 197 32 tegenstanders
1809 2316 87 31 inviel,
1913 2316 64 26 haar
1995 2323 48 19 van

1107 2352 125 28 misbruik
1248 2361 50 19 van
1315 2355 89 25 macht
1411 2355 26 25 te
1449 2355 189 32 beschuldigen.
1657 2355 53 25 Het
1720 2355 209 32 tegenwoordige
1937 2355 107 26 kabinet

1106 2392 22 25 is
1161 2392 154 32 homogeen,
1341 2394 27 24 in
1401 2394 184 32 tegenstelling
1623 2400 48 18 vnn
1722 2400 120 26 vroegere
1877 2394 167 33 ministeriën,

1108 2431 96 26 waarin
1222 2432 31 25 de
1271 2432 169 26 aanvoerders
1448 2432 96 33 zitting
1552 2432 100 26 hadden
1663 2432 45 26 der
1716 2433 53 25 drie
1781 2433 117 33 partijen,
1911 2433 40 26 die
1963 2433 41 26 tot
2014 2433 30 26 de

1108 2470 183 33 omwenteling
1306 2470 103 26 hadden
1426 2470 197 34 medegewerkt.
1649 2471 97 26 Naaste
1763 2471 148 34 aanleiding
1926 2472 43 26 tot
1984 2472 59 26 deze

1107 2509 170 33 verandering
1286 2517 51 18 was
1346 2510 45 24 het
1401 2509 107 26 verzoek
1525 2517 41 18 om
1576 2509 103 33 ontslag
1688 2509 44 26 der
1742 2509 53 27 drie
1806 2511 180 26 voorstanders
1996 2519 48 18 van

1106 2548 31 26 do
1142 2548 175 26 kandidatuur
1329 2557 48 17 van
1387 2549 30 25 de
1427 2548 183 33 Montpensier.
1620 2549 40 25 die
1670 2549 53 25 niet
1734 2550 38 25 als
1780 2550 131 26 ministers
1919 2550 123 27 meenden

1106 2588 26 25 te
1148 2595 93 26 mogen
1257 2587 177 28 medewerken
1449 2589 41 25 tot
1507 2588 46 26 het
1571 2588 92 26 stellen
1680 2588 45 26 der
1734 2588 176 28 kandidatuur
1926 2597 51 19 van
1996 2590 47 26 den

1107 2626 93 34 hertog
1215 2635 51 17 van
1284 2628 97 30 Genua,
1397 2635 72 18 maar
1478 2629 63 25 toch
1553 2629 48 24 ook
1618 2628 54 25 niet
1682 2629 54 24 zich
1749 2628 169 33 bepaaldelijk
1931 2629 97 26 wensch-

1104 2665 45 26 ten
1167 2666 26 26 te
1218 2665 135 28 verklaren
1369 2668 78 32 tegen
1470 2667 111 33 hetgeen
1605 2668 61 25 toen
1696 2667 32 26 de
1755 2668 73 33 eenig
1845 2668 135 33 mogelijke
2001 2676 28 25 op-

1104 2704 98 34 lossing
1220 2705 91 26 scheen
1337 2706 26 25 te
1387 2707 57 32 zijn.
1476 2707 39 25 De
1532 2707 135 32 eigenlijke
1684 2707 109 26 oorzaak
1813 2707 45 26 der
1876 2708 168 31 verandering

1104 2744 90 26 echter
1209 2753 52 17 was
1279 2745 48 26 wel
1346 2745 45 26 hot
1409 2746 165 32 bewustzijn,
1600 2746 46 25 dat
1665 2746 45 25 het
1730 2746 141 26 ministerie
1889 2746 154 33 onmogelijk

1104 2783 64 32 zijno
1186 2791 81 18 zware
1285 2784 61 26 taak
1363 2783 136 28 volvoeren
1515 2784 60 30 kon,
1593 2785 77 32 tenzij
1689 2785 27 26 in
1735 2785 73 33 eigen
1827 2785 103 26 boezem
1948 2793 31 25 op
1993 2785 50 26 alle

1104 2823 97 32 punten
1219 2830 60 18 eene
1296 2823 228 33 eenstemmigheid
1546 2823 150 31 heerschte,
1722 2824 80 26 welke
1820 2824 34 34 bij
1872 2824 32 26 de
1922 2831 120 26 vroegere

1103 2861 138 33 schikking
1258 2861 104 33 kwalijk
1378 2862 51 25 kon
1448 2862 103 26 worden
1567 2862 149 33 verkregen.
1752 2863 69 27 Voor
1839 2854 39 37 dit
1893 2864 90 32 groote
2000 2863 28 26 be-

1104 2898 63 33 lang
1182 2901 116 25 moesten
1317 2901 92 25 andere
1435 2901 128 34 belangen
1583 2901 100 33 wijken.
1702 2903 53 25 Hot
1772 2903 102 33 spreekt
1891 2903 87 26 echter
1995 2902 48 27 wel

1103 2946 51 18 van
1179 2939 65 31 zelf,
1269 2940 46 26 dat
1338 2940 50 26 ook
1411 2940 79 26 thans
1509 2941 31 25 de
1557 2941 136 31 toestand,
1719 2942 48 26 hoe
1794 2942 175 34 bevredigend
1995 2942 47 26 ook

1103 2983 119 18 wanneer
1246 2985 59 19 men
1329 2978 51 26 alle
1404 2979 213 33 moeielijkheden
1632 2980 27 26 in
1684 2981 169 33 aanmerking
1870 2982 102 30 neemt,
1989 2981 53 26 niet

1103 3013 92 26 anders
1213 3014 51 26 dan
1279 3015 39 25 als
1336 3025 46 17 een
1398 3018 164 33 voorloopige
1577 3019 52 25 kan
1649 3019 103 26 worden
1763 3020 161 26 beschouwd.
1943 3020 53 26 Het
2006 3020 25 26 al-

1103 3059 104 22 gemeen
1225 3054 162 25 vertrouwen
1403 3056 40 24 zal
1461 3058 67 22 eerst
1546 3058 85 24 weder
1648 3059 102 24 kunnen
1770 3059 178 33 terngkeeren,
1969 3067 56 18 wan-

1102 3094 60 17 neer
1179 3094 46 17 een
1241 3089 96 31 koning
1355 3091 21 22 is
1393 3092 113 30 gekozen
1524 3100 76 19 en...
1620 3094 178 33 ingehuldigd.

1133 3124 39 24 De
1188 3124 110 30 opstand
1318 3132 32 22 op
1367 3128 79 27 Cuba,
1466 3130 123 22 ofschoon
1605 3131 26 22 in
1650 3138 111 24 omvang
1776 3135 169 30 verminderd,
1957 3137 21 24 is
1988 3144 53 24 nog

1102 3157 53 26 niet
1172 3158 45 25 ten
1233 3158 81 27 einde.
1344 3161 130 35 Gelukkig
1491 3170 63 20 voor
1571 3163 92 34 Spanje
1682 3167 87 25 echter
1787 3168 21 25 is
1826 3169 26 25 in
1865 3170 47 25 den
1923 3170 59 33 loop
1990 3182 51 17 van

1102 3196 46 26 het
1168 3198 59 32 jaar
1252 3198 124 37 duidelijk
1402 3201 142 33 gebleken,
1560 3203 46 26 dat
1624 3203 31 26 de
1676 3204 137 35 gedreigde
1830 3206 151 35 inmenging
1996 3209 46 26 der

1103 3237 65 26 Unie
1183 3237 142 30 inderdaad
1343 3241 30 26 de
1390 3241 175 27 hersenschim
1583 3252 60 25 was,
1662 3254 132 20 waarvoor
1813 3247 30 34 zij
1861 3255 50 19 van
1930 3248 47 26 den
1996 3248 30 26 be-

1102 3278 77 35 ginne
1195 3280 30 27 af
1240 3279 61 28 door
1318 3281 182 34 verstandigen
1518 3283 69 27 werd
1606 3285 142 32 gehouden.

1320 3392 475 43 BUITENLAND.

1331 3488 480 39 Groot-Brittannie.

1135 3537 31 18 i„
1191 3543 46 12 t.rii
1266 3537 50 18 uun
1339 3535 117 20 nummer
1481 3535 50 20 van
1556 3534 46 21 het
1628 3534 133 27 engeiscne
1787 3535 132 20 weenuiau
1946 3535 93 20 runen

1103 3561 72 26 komt
1194 3569 46 18 een
1257 3561 72 33 plaat
1345 3569 77 22 voor,
1441 3569 103 25 waarop
1561 3568 46 18 een
1624 3561 61 25 heer
1703 3561 83 25 wordt
1802 3560 171 34 voorgesteld,
1991 3561 48 30 die,

1103 3594 81 26 nadat
1201 3594 35 33 hij
1254 3594 43 26 tot
1313 3594 31 26 do
1361 3594 91 33 groote
1466 3593 253 43 verontwaardiging
1728 3594 78 33 zijner
1813 3594 149 27 medeleden
1974 3593 27 27 in
2009 3593 31 27 de

1106 3627 116 26 sociëteit
1246 3627 31 26 de
1303 3627 78 25 krant
1406 3634 47 18 een
1479 3634 57 19 zeer
1559 3627 96 32 langen
1671 3627 47 32 tijd
1740 3627 132 26 behouden
1887 3628 50 25 had
1950 3647 5 9 ,
1981 3627 59 26 deze

1104 3660 120 32 eindelijk
1241 3669 51 18 aan
1309 3659 50 39 zijn
1376 3659 126 26 buurman
1520 3659 137 32 overreikt,
1675 3660 144 38 zeggende:
1846 3660 48 27 „Er
1911 3660 21 26 is
1950 3660 78 26 letter-

1103 3693 46 34 lijk
1167 3689 53 31 niét
1238 3693 45 26 het
1299 3687 93 32 minste
1409 3693 98 26 nieuws
1602 3693 89 26 „Maar
1853 3692 149 27 antwoordt
2010 3693 31 25 de

1103 3728 87 28 ander,
1209 3726 52 25 „als
1277 3733 28 18 er
1312 3733 65 25 geen
1390 3726 97 25 nieuws
1498 3726 26 24 in
1533 3726 78 31 staat,
1620 3728 52 22 wat
1682 3726 143 30 drommels,
1837 3735 112 17 waarom
1958 3725 83 25 houdt

1104 3758 34 34 gij
1157 3757 64 27 haar
1240 3757 50 27 dan
1309 3765 45 19 zoo

1136 3791 48 25 Die
1219 3791 64 25 oude
1309 3791 61 25 heer
1387 3790 136 26 verdiende
1540 3790 90 26 echter
1646 3798 70 18 meer
1731 3790 125 32 sympatie
1883 3790 51 26 dan
1961 3789 69 26 beris-

1103 3822 71 34 ping.
1200 3822 54 27 Het
1279 3822 21 26 is
1326 3822 131 33 werkelijk
1474 3829 77 25 waar,
1567 3822 46 26 dat
1631 3822 46 26 het
1694 3822 56 27 veel
1767 3829 71 20 meer
1853 3822 48 33 tijd
1918 3822 65 30 kost,
2009 3821 32 27 de

1104 3855 136 33 engelsche
1267 3855 145 33 dagbladen
1436 3856 27 25 te
1489 3855 81 32 lezen,
1597 3855 38 26 als
1659 3855 31 38 zij
1711 3863 65 24 geen
1793 3855 97 26 nieuws
1910 3848 131 37 bevatten,

1104 3887 51 26 dan
1180 3895 119 18 wanneer
1323 3887 31 33 zij
1382 3887 87 33 eenige
1492 3887 159 32 belangrijke
1670 3887 125 33 tijdingen
1815 3888 30 25 of
1858 3887 184 33 opmerkingen

1103 3919 171 27 mededeclen.
1302 3920 32 25 In
1350 3919 32 26 de
1400 3920 135 33 engelsche
1553 3919 145 34 dagbladen
1719 3920 83 26 heden
1818 3921 155 32 ontvangen,
1990 3918 51 26 kan

1106 3959 59 19 men
1189 3959 47 19 een
1263 3959 63 26 paar
1351 3959 65 19 uren
1433 3953 53 25 mot
1501 3952 176 33 ingespannen
1693 3953 129 26 aandacht
1839 3953 79 28 lezen,
1944 3959 40 18 om
2003 3951 38 25 als

1103 3991 59 19 men
1187 3978 123 38 eindelijk
1335 3984 31 26 de
1383 3984 93 25 bladen
1495 3978 136 43 nedertegt
1648 3985 41 24 tot
1706 3985 45 24 het
1768 3992 156 24 aangename
1946 3984 96 25 besluit

1104 4017 26 25 to
1148 4016 98 30 komen,
1266 4016 45 25 dat
1330 4024 27 18 er
1376 4016 124 32 letterlijk
1519 4016 66 25 niets
1603 4024 26 15 in
1646 4017 76 27 staat,
1741 4017 92 31 terwijl
1852 4024 56 17 men
1926 4024 44 17 zoo
1981 4016 61 32 lang

1104 4049 21 24 is
1143 4048 175 33 opgehouden,
1344 4048 89 26 omdat
1456 4048 31 26 de
1512 4046 93 26 bladen
1631 4055 70 18 meer
1720 4044 196 41 plaats'noodijr
1932 4048 109 28 hebben,

1106 4090 40 14 om
1174 4082 46 24 het
1237 4081 104 32 publiek
1358 4081 57 25 hier
1431 4080 216 32 langzamerhand
1664 4089 32 21 op
1714 4088 60 17 voor
1792 4082 26 22 to
1838 4077 125 32 bereiden,
1991 4080 50 24 dan

1104 4121 43 18 om
1167 4120 73 25 eenig
1258 4111 144 33 belangrijk
1419 4111 97 26 nieuws
1532 4110 73 26 mede
1624 4110 141 25 todcelen.

1136 4144 38 25 De
1194 4146 80 25 Times
1292 4144 87 25 maakt
1396 4144 90 25 echter
1502 4152 60 17 eene
1579 4142 187 33 uitzondering.
1800 4143 46 25 Dit
1866 4142 60 26 blad
1945 4142 97 26 bekent

1104 4178 189 30 stoutmoedig,
1320 4178 61 27 dat,
1408 4178 47 24 hoe
1481 4175 102 25 vreemd
1609 4175 45 25 het
1670 4175 48 25 ook
1739 4175 109 32 schijne,
1872 4182 30 18 er
1918 4181 61 19 voor
1996 4182 46 18 een

1106 4209 51 31 dag
1174 4217 79 24 geene
1267 4208 56 25 stof
1336 4208 21 25 is
1374 4215 61 18 voor
1452 4207 56 26 vier
1525 4207 28 25 of
1566 4207 47 32 vijf
1636 4202 206 31 hoofdartikelen
1859 4215 31 17 on
1907 4207 45 24 hot
1970 4207 72 30 wijdt

1106 4240 104 26 daarom
1227 4240 53 26 niet
1297 4240 99 26 minder
1413 4240 48 26 dan
1475 4247 83 25 negen
1573 4239 145 26 kolommen
1735 4248 50 17 aan
1801 4248 45 17 een
1857 4239 106 33 politiek
1971 4246 57 19 over-

1106 4272 70 22 zicht
1193 4279 50 15 van
1263 4276 40 19 186
1303 4276 28 19 a.

1137 4304 38 25 Do
1198 4305 81 25 Times
1296 4304 85 25 merkt
1397 4311 45 28 op,
1468 4303 45 26 dat
1531 4303 30 25 de
1585 4303 174 33 geschiedenis
1775 4310 50 18 van
1843 4303 39 26 dit
1894 4303 74 33 jaar,
1987 4311 43 18 zoo-

1106 4336 48 26 wel
1168 4336 26 25 in
1206 4336 133 32 Engeland
1357 4336 39 24 als
1410 4342 28 19 in
1455 4335 213 28 het'buitenland,
1685 4336 168 32 gekenmerkt
1870 4336 21 24 is
1906 4336 136 32 geworden

1106 4369 63 24 door
1183 4368 31 24 de
1233 4365 183 32 ongerustheid
1433 4375 31 15 en
1488 4367 227 35 ongestadigheid,
1741 4368 79 25 welke
1840 4376 50 17 van
1909 4369 119 24 staatkun-

1107 4400 59 31 dige
1183 4398 171 32 verandering
1371 4397 31 25 de
1420 4397 163 32 voorloopei's
1599 4398 57 30 zijn.

1139 4433 37 24 De
1192 4430 98 26 ie—i—ie
1315 4429 146 25 staatskerk
1475 4429 22 25 is
1509 4430 156 31 opgeheven;
1682 4439 46 17 een
1744 4429 196 35 parlementaire
1957 4439 72 27 regee-

1106 4463 144 32 ringsvorm
1266 4462 22 25 is
1305 4461 148 26 andermaal
1479 4469 48 17 aan
1553 4462 135 33 Frankrijk
1714 4465 165 31 toegestaan;
1904 4462 46 27 het
1969 4465 60 27 Buez-

1107 4494 123 28 kanaalis
1240 4494 116 34 geopend
1372 4493 143 34 geworden,
1533 4501 32 18 en
1581 4502 33 17 na
1632 4504 46 17 een
1696 4496 104 32 verloop
1817 4505 47 15 van
1874 4496 54 24 drie
1941 4506 102 17 eeuwen

1106 4528 22 25 is
1144 4535 46 17 een
1208 4527 131 32 algemeen
1365 4526 109 26 koncilie
1500 4526 46 26 der
1563 4526 294 27 Roomsch-Katholieke
1879 4528 64 25 kerk
1962 4531 81 24 weder

1107 4560 216 32 bijeengekomen.

1139 4592 38 25 De
1201 4592 139 32 spaansche
1365 4591 126 26 revolutie
1515 4590 72 26 heeft
1611 4591 27 24 in
1657 4591 46 25 het
1728 4591 151 32 afgeloopen
1894 4592 60 32 jaar
1980 4594 64 25 haar

1106 4624 107 25 bestaan
1238 4624 54 25 niet
1319 4623 143 34 gewettigd
1487 4623 63 25 door
1583 4623 64 25 oude
1671 4623 157 25 misbruiken
1856 4631 32 25 op
1905 4625 26 25 te
1950 4626 92 28 heffen,

1106 4656 198 33 hervormingen
1319 4658 43 24 tot
1378 4656 77 26 stand
1470 4656 27 26 te
1517 4656 113 32 brengen
1646 4655 28 26 of
1689 4664 46 18 eon
1753 4656 176 33 regelmatige,
1950 4658 77 26 krach-

1109 4689 53 31 tige
1181 4689 136 33 regeering
1333 4682 26 33 te
1377 4689 124 32 vestigen.

1140 4721 40 26 De
1206 4715 151 32 chronische
1380 4721 214 33 moeielijkheden
1610 4721 27 25 in
1654 4720 120 27 krisissen
1793 4728 50 18 van
1860 4721 45 26 het
1923 4721 107 31 italiaan-

1108 4753 59 27 sche
1193 4755 198 31 goevernemer.t
1408 4755 96 25 toonen
1528 4761 124 19 eveneens
1676 4754 47 26 hoe
1750 4754 142 32 ontzaglijk
1915 4755 129 34 moeielijk

1108 4786 31 25 de
1155 4786 215 33 wedergeboorte
1387 4794 76 19 eener
1479 4786 71 26 natie
1566 4786 30 25 is.

1140 4818 39 27 De
1195 4826 73 19 vrees
1286 4826 64 19 voor
1367 4827 47 18 een
1429 4819 117 33 grooten,
1564 4819 165 33 algemeenen
1747 4819 187 32 europeeschen
1945 4820 97 34 oorlog,

1108 4851 80 26 welke
1212 4852 70 24 sinds
1311 4854 60 22 1866
1397 4852 27 24 in
1449 4852 91 32 geheel
1559 4852 104 32 Europa
1680 4851 107 33 gevoeld
1802 4851 30 31 is,
1851 4859 30 18 en
1898 4852 50 26 den
1964 4861 64 25 onge-

1109 4881 123 34 lnkkigen
1258 4883 120 26 toestand
1403 4891 50 18 van
1475 4884 171 32 gewapenden
1663 4884 77 25 vrede
1756 4884 154 33 bestendigd
1925 4877 80 40 heeft,
2022 4886 21 26 is

1108 4915 54 27 niet
1187 4916 191 33 verwezenlijkt
1404 4916 145 32 geworden,
1579 4924 32 19 en
1638 4917 64 26 door
1729 4916 105 31 verloop
1864 4925 50 18 van
1937 4909 57 41 tijd,
2011 4928 32 18 en

1109 4948 185 37 voornamelijk
1311 4943 64 30 d<sor
1393 4948 31 25 de
1442 4949 141 31 dringende
1592 4949 219 26 binnenlandsche
1820 4946 222 34 kwestiën,'welke

1110 4978 26 26 in
1167 4980 137 33 Frankrijk
1330 4980 26 26 al
1374 4980 30 26 do
1422 4980 167 33 geestkracht
1605 4981 45 27 der
1668 4981 136 34 regeering
1820 4974 123 40 eischten,
1959 4983 22 26 is
1998 4984 45 26 het

1106 5011 60 32 jaar
1182 5011 94 25 zonder
1297 5013 90 31 oorlog
1410 5013 207 33 voorbijgegaan.
1650 5015 53 24 Het
1724 5021 96 25 gevaar
1837 5022 48 18 van
1904 5007 47 34 don
1969 5016 73 31 strijd

1109 5052 32 17 en
1163 5043 31 25 de
1220 5043 71 32 bijna
1305 5040 229 35 onoverkomelijke
1556 5046 226 32 verwikkelingen,
1800 5047 79 26 welke
1897 5047 31 26 de
1945 5042 85 31 oosto'r-

1109 5074 59 25 scho
1183 5074 107 25 kwestie
1311 5083 46 17 zou
1371 5076 103 24 kunnen
1492 5078 26 22 te
1535 5083 71 24 weeg
1624 5076 120 30 brengen,
1762 5078 21 24 is
1801 5069 185 43 herhaaldelijk
2006 5080 25 22 af-

1108 5106 106 54 fewend
1240 5106 136 30 geworden
1394 5107 61 25 door
1480 5107 195 31 diplomatische
1693 5108 219 32 voorzichtigheid
1930 5117 32 18 en
1980 5111 47 24 han-

1127 5135 93 32 igheid.
1238 5137 71 24 Daar
1325 5145 27 15 er
1374 5145 65 22 geen
1455 5138 190 31 onmiddellijke
1663 5139 64 24 kans
1742 5139 22 24 is
1786 5147 32 24 op
1834 5147 46 18 eon
1898 5141 73 30 strijd
1989 5140 53 26 met

1110 5165 130 31 Rusland,
1261 5169 77 28 hetzij
1361 5166 27 25 in
1409 5169 104 30 Europa
1532 5169 28 24 of
1577 5169 27 22 in
1620 5169 70 28 Azië,
1707 5170 22 22 is
1737 5170 45 24 het
1792 5171 89 32 eenige
1900 5172 142 34 moeielijke

1114 5204 65 25 open
1194 5197 142 31 vraagstuk
1352 5197 45 26 dat
1415 5197 154 35 Eng—and's
1578 5197 211 31 buitenlandsche
1800 5198 242 38 aangelegenheden

1108 5228 130 32 aanbiedt,
1258 5233 31 22 de
1306 5238 51 25 nog
1381 5231 84 27 steeds
1481 5231 163 28 onbeslechte
1663 5233 254 30 Alabarna-kwestie.
1942 5236 31 27 In
1991 5236 34 28 En-

1109 5262 93 33 geland
1220 5270 31 19 en
1269 5259 143 32 Schotland
1424 5264 22 27 is
1456 5265 31 27 de
1496 5267 60 26 orde
1569 5268 46 26 der
1630 5267 139 35 bevolking
1787 5269 53 26 niet
1860 5269 122 33 gestoord
2000 5278 30 25 ge-

1108 5295 112 32 worden,
1240 5296 65 27 doch
1324 5297 30 27 de
1370 5300 246 34 maatschappelijke
1633 5295 180 33 toestandvan
1826 5302 111 32 lerland,
1956 5303 87 26 vooral

1108 5328 145 33 gedurende
1272 5330 46 25 het
1335 5331 94 27 laatste
1447 5327 116 39 gedeelte
1583 5342 50 18 van
1650 5334 45 26 het
1701 5334 67 34 jaar,
1786 5335 21 26 is
1820 5344 63 17 even
1897 5336 99 33 pijnlijk
2006 5337 38 25 als

1109 5362 197 25 onrustbarend.

1139 5395 70 26 Voor
1225 5396 169 32 Engelschen,
1411 5396 40 26 die
1470 5405 64 19 voor
1551 5398 64 26 alles
1631 5399 27 25 in
1675 5398 46 27 hot
1739 5400 102 35 welzijn
1847 5409 51 19 van
1906 5402 54 26 hun
1970 5402 73 33 eigen

1107 5427 61 26 land
1185 5428 196 33 belangstellen,
1406 5431 71 25 heeft
1494 5432 46 25 het
1556 5432 137 32 verloopen
1706 5433 60 32 jaar
1782 5441 58 19 zeer
1854 5435 96 32 weinig
1964 5433 79 27 reden

1106 5461 43 25 tot
1175 5461 155 38 voldoening
1354 5470 122 25 gegeven.
1508 5464 130 25 Ofschoon
1663 5464 46 24 het
1733 5465 79 26 thans
1834 5474 70 18 meer
1920 5467 51 26 dan
1989 5467 54 25 drie

1104 5493 76 32 jaren
1195 5493 106 33 geleden
1320 5494 21 25 is
1362 5496 45 25 «lat
1423 5494 31 26 de
1472 5496 90 31 groote
1578 5494 158 26 finantieelo-
1754 5505 31 17 en
1801 5498 242 27 handelskrisisvan

1110 5528 61 22 1866
1195 5520 46 30 het
1267 5526 132 32 algemeen
1423 5528 163 25 vertrouwen
1611 5526 113 31 schokte,
1747 5528 72 27 heeft
1834 5531 71 24 sinds
1920 5531 59 26 dien
1996 5531 47 33 tijd

1108 5565 78 22 geene
1202 5557 172 33 verbetering,
1391 5565 79 26 geene
1487 5559 112 32 gezonde
1617 5559 133 33 herleving
1767 5569 50 18 van
1833 5562 94 27 handel
1937 5572 31 17 en
1980 5564 48 26 han-

1108 5590 157 25 delskrediet
1283 5591 84 30 plaats
1377 5591 92 31 gehad.
1486 5587 54 30 Een
1557 5598 137 18 voorname
1711 5593 79 26 reden
1808 5603 51 17 van
1876 5587 60 34 deze
1954 5598 76 24 voort-

1108 5621 112 26 durende
1245 5617 174 37 gedruktheid
1435 5624 70 25 moet
1521 5624 109 32 gezocht
1654 5624 103 26 worden
1782 5626 26 26 in
1834 5617 32 35 de
1886 5628 158 30 ontdekking

1108 5654 45 25 dat
1169 5662 58 18 men
1246 5662 31 25 op
1293 5655 148 31 aandeden,
1462 5663 50 18 van
1528 5656 96 25 welker
1638 5655 99 32 bedrag
1753 5659 97 25 slechts
1865 5669 47 17 een
1928 5661 116 31 gedeelte

1109 5687 99 32 gestort
1233 5695 60 20 was,
1309 5687 151 25 naderhand
1475 5687 138 41 plotseling
1630 5688 46 24 ten
1693 5689 69 25 volle
1775 5693 84 24 moest
1877 5693 112 30 betalen,
2007 5693 38 26 als

1109 5719 31 25 de
1156 5719 217 33 maatschappijen
1390 5719 27 25 in
1436 5714 203 39 verlegenheden
1656 5719 116 28 kwamen
1813 5724 54 25 Het
1883 5727 162 24 vertrouwen

1109 5752 45 22 der
1170 5752 116 28 standen,
1305 5752 40 24 die
1363 5751 60 32 geld
1439 5752 28 24 in
1482 5753 98 24 nieuwe
1599 5751 217 37 ondernemingen
1833 5757 98 31 steken,
1948 5759 22 25 is
1977 5758 56 26 hier-

1109 5783 64 25 door
1188 5778 116 38 geknakt
1319 5783 143 32 geworden.

1143 5815 40 25 De
1208 5815 157 25 verbazende
1385 5815 120 25 kostbare
1525 5815 79 31 wijze,
1620 5822 103 28 waarop
1741 5818 30 25 de
1788 5820 81 26 zaken
1886 5830 51 17 van
1952 5823 80 31 gefail-

1108 5845 86 27 leerde
1218 5846 219 33 maatschappijen
1462 5846 182 34 gelikwideerd
1661 5850 112 31 worden,
1791 5852 72 26 heeft
1879 5854 47 26 ook
1945 5863 45 18 een
2008 5855 26 26 af-

1110 5878 169 27 schrikkende
1294 5880 157 33 uitwerking
1469 5880 91 33 gehad,
1578 5881 93 33 terwijl
1690 5881 187 32 dekrimineele
1893 5888 154 32 vervol'_ig

1109 5920 51 17 van
1185 5911 163 26 direkteuren
1374 5921 48 15 van
1440 5913 146 25 naamlooze
1603 5916 249 33 vennootschappen,
1870 5911 176 33 mannen°van

1110 5943 188 33 ondervinding
1322 5950 32 19 en
1377 5944 98 32 goeden
1495 5952 76 18 naam
1594 5943 123 28 bevreesd
1735 5947 72 28 heeft
1822 5952 123 32 gemaakt
1962 5960 41 17 om
2020 5952 27 25 in

1110 5975 31 26 de
1174 5975 128 27 direktiën
1336 5983 51 18 van
1419 5976 99 26 nieuwe
1541 5976 221 39 maatschappijen
1787 5982 85 32 plaats
1897 5985 26 25 te
1949 5993 90 17 nemen

1111 6008 102 25 Slechts
1238 6009 65 24 twee
1328 6015 110 18 mannen
1462 6015 50 18 van
1537 6009 183 33 staatkundige
1737 6014 137 27 eminentie
1893 6015 50 32 zijn
1959 6017 27 25 in
2003 6017 45 25 hot

1108 6040 59 32 jaar
1188 6041 59 24 1869
1264 6040 143 30 overleden,
1423 6040 122 32 namelijk
1563 6041 148 27 Lamartine
1729 6053 31 18 en
1778 6046 70 27 Lord
1864 6048 87 33 Derby

1406 6113 348 39 Duitschland.

1143 6175 221 31 FRANKFORT,
1382 6180 28 21 31
1430 6177 70 28 Dcc,
1520 6177 86 28 (Part.
1625 6180 91 32 Korr.)
1750 6181 39 26 Do
1806 6182 143 32 berichten,
1967 6184 80 26 welke

1113 6216 27 17 in
1167 6207 47 25 den
1238 6209 92 30 jongst
1354 6208 136 32 verloopen
1519 6209 48 31 tijd
1586 6210 50 32 zijn
1654 6214 131 32 verspreid
1801 6215 45 26 ten
1864 6217 118 31 opzichte
1997 6224 51 18 van

1114 6240 46 26 het
1169 6237 156 27 aanwenden
1336 6240 45 25 der
1389 6241 105 24 tortuur
1501 6248 26 18 in
1539 6241 45 26 hot
1697 6247 176 33 Zwitserland,
1884 6249 100 26 hebben
1995 6249 40 25 ein-

1113 6273 78 32 delijk
1215 6272 46 25 het
1287 6279 46 18 oor
1355 6272 128 31 getroffen
1498 6274 98 26 van.de
1615 6276 76 27 leden
1707 6280 45 24 der
1769 6280 164 27 uitvoerende
1951 6282 96 25 macht.

1116 6306 69 22 Naar
1196 6312 57 17 men
1270 6309 43 26 mij
1331 6305 40 24 uit
1388 6304 69 25 Bern
1474 6305 89 31 meldt,
1580 6307 72 27 hoeft
1671 6309 30 26 de
1719 6312 144 26 bondsraad
1880 6313 72 26 bevel
1971 6320 61 25 gege-

1114 6343 48 19 ven
1185 6344 40 18 om
1247 6335 167 33 nauwkeurig
1430 6335 26 26 te
1475 6337 175 30 onderzoekon
1668 6343 30 25 of
1711 6344 130 32 werkelijk
1929 6345 106 31 pijnigin-

1114 6374 48 32 gen
1191 6369 102 24 worden
1317 6369 156 30 aangewend
1499 6377 41 18 om
1565 6370 203 38 beschuldigden
1794 6377 40 25 tot
1853 6377 151 26 bekentenis
2021 6378 27 22 to

1114 6400 119 33 dwingen
1270 6407 50 18 van
1355 6400 129 31 werkelijk
1508 6400 129 31 bedreven
1663 6402 211 33 of'onderstelde
1892 6409 155 33 misdrijven.

1114 6433 34 25 Al
1170 6433 31 24 de
1219 6433 157 25 kantonnale
1394 6433 145 27 overheden
1556 6436 71 27 heeft
1643 6446 59 19 men
1717 6449 41 17 om
1776 6443 138 30 rapporten
1932 6442 116 31 deswege

1115 6465 137 31 gevraagd.

1148 6495 156 35 Zonderling
1319 6504 60 25 mag
1397 6497 46 25 het
1461 6498 104 27 worden
1583 6503 133 31 genoemd,
1734 6504 45 26 dat
1795 6506 45 26 het
1858 6504 113 27 federaal
1989 6511 45 26 goe-

1115 6529 150 27 vernement
1290 6537 45 17 zoo
1361 6529 94 34 weinig
1479 6539 32 25 op
1537 6533 31 25 de
1585 6535 94 31 hoogte
1697 6536 21 25 is
1736 6544 48 17 van
1802 6537 31 26 de
1851 6537 78 31 wijze,
1946 6544 102 24 waarop

1116 6560 61 26 daar
1202 6562 25 21 te
1263 6562 76 24 lande
1364 6562 44 22 liet
1440 6563 215 35 strafrechterlijk
1690 6568 141 26 onderzoek
1860 6563 84 39 plaats
1970 6569 76 25 heeft.

1117 6593 58 25 Men
1201 6601 59 21 mag
1286 6593 93 30 hopen,
1406 6593 45 25 dat
1476 6595 39 25 dit
1533 6599 79 30 goede
1632 6599 39 25 zal
1689 6602 191 31 voortspruiten
1898 6602 39 25 uit
1955 6601 30 25 do
2002 6609 46 17 zoo

1115 6625 174 32 schandelijke
1315 6625 67 27 daad
1407 6634 32 24 op
1465 6626 52 26 last
1540 6637 51 19 van
1617 6631 48 26 dén
1689 6633 103 24 rechter
1811 6634 26 24 in
1856 6634 130 32 Appenzcl
2004 6641 30 24 ge-

1115 6656 91 31 ploegd
1224 6664 31 17 en
1273 6657 46 25 dat
1329 6658 30 30 zij
1377 6657 31 25 de
1424 6659 149 34 aanleiding
1586 6663 39 25 zal
1635 6664 57 27 zijn,
1701 6664 46 24 dat
1756 6672 47 17 aan
1814 6665 40 24 die
1865 6664 167 26 nuddeleeuw-

1115 6687 60 24 sche
1201 6687 217 27 barbaarser.heid
1443 6690 28 27 in
1498 6690 46 28 het
1689 6694 168 26 Zwitserland
1874 6696 97 25 weldra
1987 6704 61 19 voor

1116 6718 66 24 Bond
1199 6724 46 19 ttn
1264 6720 73 25 einde
1355 6722 85 24 wnr.ie
1459 6723 128 28 £pm.3.akt.

2114 1299 53 26 Het
2184 1299 138 33 plotseling
2342 1299 139 33 overlijden
2498 1307 52 19 van
2568 1300 47 27 den
2631 1302 63 26 heer
2709 1300 85 33 Rüffy,
2812 1302 26 24 te
2848 1300 74 31 Bern,
2933 1299 27 26 in
2969 1299 48 26 den

2081 1332 79 27 nacht
2186 1338 51 21 van
2262 1333 32 26 28
2322 1339 32 28 op
2378 1335 32 26 29
2435 1332 60 28 Dec.
2513 1332 37 28 i.l.
2562 1333 93 31 „heeft
2672 1332 48 30 den
2737 1332 146 28 bondsraad
2900 1339 50 21 van
2969 1332 50 32 zijn

2081 1364 131 34 president
2230 1365 112 32 beroofd,
2360 1367 78 30 want,
2457 1364 79 35 gelijk
2555 1367 28 27 cle
2602 1368 66 26 lezer
2685 1368 73 30 weet,
2767 1375 47 18 zou
2824 1367 30 26 de
2870 1367 61 26 heer
2942 1365 77 34 Riiny

2081 1397 54 27 met
2159 1397 48 27 den
2225 1398 100 25 eersten
2342 1397 110 28 Januari
2469 1398 30 26 de
2517 1397 155 33 betrekking
2687 1407 51 18 van
2754 1397 131 35 president
2903 1406 47 19 van
2970 1397 47 28 den

2081 1430 65 27 raad
2163 1430 100 26 hebben
2281 1430 136 27 aanvaard.
2445 1430 53 28 Het
2516 1424 183 41 opengevallen
2717 1433 72 26 ambt
2809 1431 40 27 zal
2865 1430 33 27 ad
2915 1430 104 27 interim

2082 1462 103 26 worden
2203 1467 196 28 waargenomen
2415 1463 64 26 door
2494 1462 50 27 den
2563 1463 206 35 vTce-pi'esident,
2793 1463 50 27 den
2861 1462 61 27 heel'
2939 1463 79 32 Dubs,

2081 1494 89 28 totdat
2193 1495 28 26 in
2248 1495 30 26 de
2303 1495 194 34 eerstvolgende
2524 1493 94 39 zitting
2642 1505 50 18 van
2709 1495 31 27 de
2758 1488 260 40 bondsvergadering,

2083 1525 120 30 derhalve
2222 1528 27 26 in
2265 1526 102 34 Maart,
2386 1537 46 18 een
2448 1528 63 34 presl
2668 1530 32 25 im
2718 1528 119 32 gekozen.
2863 1528 59 26 Men
2937 1528 81 26 houdt

2082 1560 58 27 zich
2157 1561 142 32 overtuigd,
2316 1561 45 27 dat
2380 1560 30 26 de
2427 1560 61 26 heer
2506 1560 76 39 DubJ
2597 1560 48 27 dan
2665 1557 128 30 definitief
2798 1560 39 27 ial
2856 1564 57 22 Wc*

2082 1586 92 35 noemd
2198 1599 32 20 en
2257 1586 45 33 dat
2326 1593 27 26 in
2376 1593 64 33 zijne
2464 1590 85 37 plaats
2574 1592 38 26 «ds
2635 1592 197 33 Vi«—_re_dent
2857 1593 40 25 zal
2916 1593 102 25 worden

2082 1626 113 33 gekozen
2212 1625 31 26 de
2261 1625 61 26 heel'
2340 1625 107 26 Schenk.

2115 1657 37 27 Of
2165 1657 93 33 gevolg
2275 1657 39 26 zal
2323 1664 112 25 gegeven
2453 1654 102 25 worden
2572 1663 50 15 aan
2637 1654 50 26 den
2702 1655 110 30 wensch,
2824 1654 61 27 door
2894 1654 123 33 sommige

2081 1688 74 26 loden
2181 1697 50 15 van
2249 1689 47 25 den
2315 1685 144 27 bondsraad
2474 1684 165 33 gekoesterd,
2659 1694 41 17 om
2718 1685 28 25 de
2765 1685 253 33 bondsvergadering

2081 1727 52 21 nog
2148 1719 26 25 in
2192 1719 109 25 Januari
2317 1717 83 32 bijeen
2418 1717 26 25 te
2460 1723 93 26 roepen
2572 1717 38 26 tot
2628 1711 45 32 het
2689 1717 133 25 verkiezen
2837 1726 50 17 van
2903 1727 46 15 een
2960 1726 43 22 pre-

2081 1749 85 26 sident
2184 1756 31 19 en
2229 1757 45 17 een
2291 1746 207 35 vice-president,
2515 1749 21 26 is
2552 1757 51 26 nog
2616 1748 115 27 onzeker.

2113 1831 31 4 —
2161 1815 100 27 Alweer
2288 1817 28 26 de
2343 1817 195 28 Mennoniet.ai!
2568 1820 63 25 Deze
2656 1818 79 34 goede
2761 1817 52 30 lièn
2841 1817 100 27 hadden
2959 1815 54 27 zich

2081 1848 146 28 andermaal
2246 1850 41 26 tot
2304 1850 48 25 den
2370 1850 98 33 koning
2484 1860 51 17 van
2551 1853 107 25 Pruisen
2676 1850 112 35 gewend,
2807 1851 52 27 met
2877 1850 86 28 hunne
2972 1856 28 26 ge-

2083 1881 229 30 wetensbezwaren
2337 1889 60 19 over
2424 1881 47 27 den
2494 1883 158 34 verplichten
2672 1876 170 43 krijgsdienst.
2865 1880 54 28 Oök
2939 1881 74 27 tliaila

2178 1924 2 18 i
2212 1915 30 33 i\\
2272 1915 41 26 nul
2337 1919 31 27 öp
2395 1911 50 30 hün
2469 1909 79 37 rekest
2570 1913 155 37 ontvangen.
2757 1912 47 30 Dit
2822 1916 77 32 blijkt
2914 1912 40 28 uit
2970 1915 43 27 het

2082 1946 123 34 volgende
2224 1948 126 32 schrijven
2369 1954 50 19 van
2438 1948 30 26 de
2485 1946 129 31 ministers
2633 1958 48 18 van
2700 1949 90 33 oorlog
2806 1958 31 17 ou
2848 1944 152 31 liinnenlaud-

2082 1982 59 25 sche
2166 1980 94 26 zaken:
2288 1978 76 26 „Uwe
2383 1974 223 37 rechtstreeksêhe
2623 1982 98 34 petitie,
2741 1991 48 15 van
2807 1982 47 26 den
2875 1981 78 27 lilden
2970 1980 43 27 der

2082 2015 86 30 vorige
2185 2011 100 31 maand,
2304 2011 96 25 waarin
2419 2013 34 34 gij
2473 2016 128 28 verzoekt,
2620 2016 45 26 dat
2681 2016 30 25 de
2725 2013 182 30 Mennonieten
2917 2013 94 26 zouden

2085 2044 98 28 worden
2210 2043 149 32 vrijgesteld
2385 2053 50 18 van
2460 2046 48 26 den
2535 2048 141 26 militairen
2698 2047 92 26 dienst,
2809 2054 31 19 en
2857 2047 45 25 dat
2920 2046 46 25 dus
2985 2046 28 26 de

2083 2076 168 33 verordening
2268 2083 48 18 van
2333 2079 17 24 3
2367 2075 87 28 Maart
2472 2079 44 26 des
2536 2079 184 35 varigeüj'aari
2738 2079 26 26 in
2777 2079 56 26 dier
2842 2087 78 24 voeg.'
2930 2079 74 25 word.

2082 2109 141 34 gewijzigd,
2242 2109 69 25 werd
2333 2117 31 24 op
2382 2109 72 26 bevel
2473 2112 44 25 des
2533 2109 109 35 koning»
2659 2113 40 24 tot
2715 2112 139 26 Onderzoek
2876 2119 31 18 en
2926 2111 76 26 beslis-

2082 2145 57 31 sing
2157 2150 46 18 aan
2222 2148 45 18 ons
2284 2139 183 34 overhandigd.
2485 2141 220 38 Dientengevolge
2724 2144 91 26 maken
2835 2145 38 31 wij
2893 2153 14 17 u
2922 2144 90 32 hierbij

2083 2176 104 28 bekend,
2215 2171 44 30 dat
2268 2173 40 33 wij
2320 2173 30 25 de
2359 2172 148 35 stellingen,
2525 2186 102 25 waarop
2643 2186 41 15 uw
2704 2177 183 32 bovengemeld
2902 2176 111 27 voorstel

2083 2207 93 27 steunt,
2194 2204 53 28 niet
2265 2213 61 17 voor
2344 2206 146 33 deugdelijk
2509 2209 103 26 kunnen
2629 2210 135 30 erkennen,
2783 2216 30 20 en
2831 2207 44 28 dat
2894 2209 119 27 derhalve

2082 2250 40 17 uw
2140 2238 105 27 verzoek
2262 2237 54 25 niet
2333 2238 51 25 kan
2402 2235 103 32 worden
2708 2241 188 26 Desniettemin
2914 2242 99 26 hebben

2082 2275 30 25 de
2138 2270 180 28 Mennonieten
2343 2270 48 26 clou
2418 2274 74 25 moed
2517 2283 51 25 nog
2594 2274 131 34 geenszins
2741 2272 70 26 laten
2829 2274 98 25 zinken.
2963 2275 48 31 Wij

2082 2306 69 27 lezen
2184 2303 137 26 tenminste
2347 2303 26 24 in
2408 2303 30 27 de
2473 2307 76 26 Zcidl.
2578 2310 129 28 Corresp.:
2733 2304 98 34 '/Gelijk
2849 2306 41 33 wij
2908 2307 105 30 hooren,

2083 2339 83 26 zullen
2191 2339 31 25 de
2248 2331 182 32 Mennonieten
2456 2339 56 26 zich
2536 2339 148 27 andermaal
2708 2340 41 25 tot
2774 2339 47 26 don
2848 2336 98 37 koning
2963 2347 48 18 van

2083 2370 106 27 Pruisen
2207 2370 104 24 wenden
2330 2368 52 35 m_et
2400 2369 31 25 de
2451 2370 71 31 bede,
2538 2373 53 25 hun
2608 2370 96 27 laatste
2720 2370 208 31 verzoekschrift,
2940 2372 73 25 enkel

2081 2402 138 27 steunende
2238 2408 31 27 op
2282 2398 142 38 juridische
2443 2396 123 39 gronden,
2583 2412 64 19 naar
2656 2404 48 26 den
2714 2404 117 26 minister
2848 2409 51 20 Van
2909 2400 103 35 justitie

2082 2438 26 24 te
2125 2434 149 30 verzenden,
2290 2433 40 26 die
2347 2430 57 28 zich
2412 2433 43 27 tot
2464 2435 92 27 dusver
2565 2445 51 25 nog
2624 2438 27 25 in
2661 2438 45 25 het
2717 2435 90 33 geheel
2816 2437 53 25 niet
2880 2435 69 26 heeft
2959 2437 40 25 uit-

2082 2469 100 31 gelaten
2196 2465 59 28 ovef
2272 2465 30 27 de
2310 2464 315 38 Mennonieten-kwestie,
2634 2477 44 20 om
2685 2469 124 26 daarover
2817 2469 107 33 rapport
2930 2469 41 27 nit
2988 2470 25 25 te

2082 2500 120 33 brengen,
2220 2499 117 27 alvorens
2354 2505 61 19 eene
2433 2498 146 31 definitieve
2597 2502 136 32 beslissing
2759 2502 85 26 worde

2378 2569 312 50 Oostenrijk.

2113 2637 112 33 Volgens
2250 2634 226 33 aankondigingen
2503 2639 26 26 in
2559 2640 31 25 de
2616 2639 116 26 duitsche
2766 2639 146 33 dagbladen
2937 2639 21 26 is
2983 2643 27 22 31

2081 2670 60 27 Dec.
2157 2670 38 26 U.
2222 2668 26 27 te
2264 2666 98 33 Berlijn
2379 2674 32 18 en
2427 2668 142 30 Frankfort
2587 2672 31 26 de
2642 2670 94 27 laatste
2825 2673 111 32 geweest
2953 2681 63 18 voor

2081 2704 30 26 de
2138 2701 141 32 inlevering
2302 2701 41 22 ter
2368 2699 135 31 konversie
2536 2713 51 17 van
2607 2704 111 26 stukken
2745 2704 45 26 dor
2816 2704 198 33 oóstcnrijksche

2080 2734 98 26 schuld.
2213 2733 37 25 De
2268 2732 117 25 minister
2409 2741 50 19 van
2484 2737 126 25 finantiën
2634 2735 51 31 wil,
2706 2744 64 18 naar
2794 2744 58 18 men
2875 2739 139 30 verneemt,

2080 2769 77 32 tegen
2173 2766 48 26 den
2239 2771 118 37 aanvang
2373 2763 74 30 dezes
2456 2767 70 27 iaars
2533 2769 31 26 de
2574 2767 131 27 konversie
2718 2769 90 33 geheel
2816 2769 65 26 doen
2889 2769 124 33 afioopen.

2112 2815 32 4 —
2153 2799 66 26 Over
2229 2797 30 25 de
2268 2794 182 30 ministerieele
2457 2802 78 26 krisis
2542 2802 65 26 leest
2615 2809 57 19 men
2682 2802 26 25 in
2718 2802 31 25 de
2757 2803 72 25 Neue.
2837 2802 70 25 Freie
2916 2802 98 26 fresse:

2113 2831 52 26 „De
2190 2828 172 28 rechtstreeks
2387 2829 64 28 door
2472 2833 26 26 Z.
2516 2833 35 26 M.
2569 2833 182 34 uitgesproken
2767 2833 99 25 wensch
2895 2833 71 26 heeft
2983 2833 30 26 de

2081 2864 43 33 vijt
2135 2864 135 28 ministers,
2288 2859 102 33 Gri«ka,
2407 2863 106 33 Herbst,
2530 2868 109 27 Hasner,
2657 2865 99 26 Brestel
2767 2874 31 17 en
2807 2874 22 17 v.
2841 2865 93 26 Plener
2943 2875 57 18 over-

2080 2896 110 34 gehaald
2207 2903 41 18 om
2265 2901 46 18 een
2335 2896 122 25 memorie
2476 2906 33 24 op
2524 2898 26 26 te
2568 2898 105 31 stellen;
2698 2897 46 25 het
2760 2896 63 25 door
2841 2897 99 27 Herbst
2959 2907 43 18 ver-

2080 2928 138 35 vaardigde
2239 2926 139 28 doknment
2395 2928 69 27 word
2483 2929 63 28 door
2561 2931 77 31 graaf
2652 2929 92 31 ïaaffe,
2767 2929 39 25 als
2822 2930 118 27 ministor
2959 2940 43 25 pre-

2080 2963 91 30 sident,
2189 2962 47 26 den
2255 2960 84 25 keizer
2354 2961 184 35 overhandigd.
2557 2965 39 32 Op
2614 2962 149 27 denzelfden
2779 2961 51 32 dag
2848 2963 78 32 kroeg
2940 2965 77 31 graaf

2080 2995 84 27 Taai—
2183 2994 48 26 ook
2248 2992 50 25 den
2316 2991 57 30 last,
2392 2991 30 26 de
2444 2996 119 33 meening
2581 2996 44 26 der
2642 2995 92 26 andere
2751 2993 131 28 ministers
2891 3005 24 17 e\

2080 3030 26 26 te
2124 3025 175 30 fo—nuleeren.
2316 3024 97 32 Berger
2431 3025 72 30 heeft
2520 3030 60 26 toen
2600 3030 30 25 de
2657 3026 96 27 tweede
2770 3028 120 25 memorie
2907 3035 91 26 voorge-

2080 3060 74 30 steld,
2180 3059 39 25 die
2248 3065 31 25 op
2297 3057 32 26 25
2346 3056 142 30 December
2503 3061 28 25 in
2549 3061 102 26 handen
2667 3060 44 25 des
2727 3058 97 26 keizers
2842 3059 21 25 is
2881 3060 131 33 gekomen.

2081 3093 76 26 Beide
2183 3089 178 28 ministerieele
2386 3089 116 31 fraktien
2526 3094 102 26 hebben
2653 3091 96 33 daarbij
2776 3091 53 27 hun
2855 3093 104 34 ontslag
2975 3093 26 26 in-

2111 3158 39 25 De
2174 3156 64 28 oude
2255 3154 92 28 Pres.se
2362 3152 57 27 vult
2435 3154 39 28 dit
2490 3157 104 28 bericht
2609 3157 79 27 nader
2707 3162 50 20 aan
2774 3154 63 30 door
2854 3156 27 27 te
2901 3164 111 26 zeggen:

2113 3189 122 34 «Horgen
2255 3191 20 27 (1
2296 3185 117 32 Januari)
2431 3188 78 28 vindt
2524 3183 80 35 onder
2620 3189 219 33 voorzitterschap
2855 3189 46 26 des
2916 3189 96 27 keizers

2079 3226 45 19 een
2141 3220 182 27 ministerraad
2340 3219 91 35 plaats,
2457 3224 113 31 waarin,
2588 3224 110 32 hetgeen
2724 3220 48 27 wel
2797 3222 136 33 nauwlijks
2957 3230 43 18 ver-

2079 3252 113 34 melding
2225 3252 112 32 behoeft,
2372 3253 141 33 gesproken
2545 3256 40 26 zal
2611 3255 102 27 worden
2738 3261 60 19 over
2822 3255 32 26 de
2870 3255 141 26 memoriön

2079 3286 45 26 der
2140 3287 65 25 twee
2222 3285 180 30 ministerieele
2418 3286 118 33 partijen.
2561 3289 61 25 Men
2640 3288 69 26 deelt
2724 3294 46 18 ons
2787 3288 80 28 mede,
2885 3288 44 25 dat
2946 3288 26 25 in
2982 3288 30 26 de

2079 3319 94 26 laatste
2191 3319 83 34 dagen
2291 3320 126 34 pogingen
2434 3317 50 35 zijn
2502 3321 164 33 aangewend,
2683 3328 40 18 om
2740 3319 31 26 do
2780 3320 142 33 majoriteit
2940 3328 32 18 en
2982 3320 30 26 de

2079 3352 143 27 minoriteit
2238 3353 80 27 nader
2337 3353 31 33 Dij
2387 3351 122 27 elkander
2524 3353 27 27 te
2571 3354 124 33 brengen,
2712 3361 32 18 en
2761 3356 77 31 voegt
2856 3361 27 19 er
2900 3354 51 31 bij,
2968 3354 45 26 dat

2079 3385 59 24 deze
2157 3385 144 33 pogingen,
2319 3385 84 25 zooals
2418 3385 66 25 licht
2500 3385 26 24 te
2544 3386 132 33 begrijpen
2692 3385 31 31 is,
2739 3385 61 25 door
2817 3386 50 25 den
2883 3386 115 32 rijkskan-

2079 3417 76 26 selior
2179 3416 103 28 wonion
2307 3417 180 27 ondersteund.
2520 3417 56 28 Ook
2596 3426 50 17 van
2662 3417 48 26 den
2728 3418 64 26 kant
2809 3418 46 26 der
2870 3418 142 32 majoriteit

2078 3450 70 22 moet
2172 3457 58 18 mon
2256 3458 46 17 een
2320 3450 73 26 zek«-r
2411 3451 128 33 tegem«j»t
2557 3451 91 24 komen
2666 3450 100 25 hebben
2784 3445 156 38 opgemerkt,
2955 3451 43 24 ter-

2079 3480 51 30 wijl
2146 3480 27 24 in
2191 3480 31 24 de
2238 3477 115 30 houding
2375 3481 43 28 <■•''}■
2738 3489 11 17 a
2767 3484 41 20 tot,
2825 3481 91 25 dusver
2933 3489 78 17 ffeone

2079 3516 13 14 v
2095 3507 77 24 ,.r.„..i
2178 3508 69 19 ■-■--■*
2394 3503 17 15 n
2431 3506 139 27 'vv,,'V"
2576 3507 54 20 n,6
2633 3500 57 19 i;fte

2079 3526 85 31 zaken,
2183 3528 21 26 is
2222 3528 46 26 het
2285 3536 56 18 zeer
2359 3526 204 34 waarscl.«j.ilijk,
2575 3526 45 26 dat
2631 3526 30 26 de
2672 3533 129 25 pogingen
2809 3526 40 25 tot
2859 3529 152 25 verzoening

2079 3561 25 24 in
2122 3561 47 24 den
2187 3560 181 26 ministerraad
2385 3560 84 25 zullen
2486 3559 102 25 worden

2111 3609 33 5 —
2160 3593 39 28 De
2217 3594 93 27 Presse
2329 3593 56 27 laat
2401 3592 56 27 zich
2476 3591 40 27 uit
2531 3591 89 33 Turijn
2636 3588 201 34 telegrafeeren,
2855 3585 46 28 dat
2914 3585 31 27 de
2961 3591 50 20 reis

2079 3635 51 18 van
2157 3628 48 25 don
2230 3627 84 25 keizer
2346 3633 50 17 van
2418 3625 148 31 Oostenrijk
2581 3631 65 18 naar
2662 3622 76 25 Italië
2757 3620 96 25 weldra
2868 3618 39 25 zal
2927 3618 84 33 plaat»

2080 3659 109 27 hebben.
2222 3659 53 27 Het
2301 3657 61 27 blad
2382 3657 109 27 vermeit
2507 3656 90 26 verder
2621 3654 46 27 het
2682 3652 60 34 plan
2761 3666 31 4 —
2809 3659 59 17 men
2883 3651 66 25 weet
2966 3650 45 26 dat

2079 3692 39 26 dit
2144 3692 26 26 al
2193 3699 57 20 zeer
2276 3691 51 26 oud
2353 3698 60 25 mag
2438 3690 104 27 worden
2559 3686 123 35 genoemd
2698 3699 32 4 —
2747 3691 74 18 eener
2838 3683 172 26 samenkomst

2079 3725 122 25 tusschen
2226 3725 30 24 de
2283 3723 165 27 soevereinen
2474 3730 50 19 van
2542 3720 73 26 beide
2633 3719 91 26 staten.
2757 3716 59 25 Aan
2832 3716 48 25 den
2900 3716 111 25 andoren

2079 3756 65 26 kant
2169 3756 70 27 deelt
2262 3755 32 27 de
2319 3755 109 26 Weener
2456 3755 142 26 Wanderer
2614 3750 70 28 mede
2700 3748 46 26 dat
2764 3746 84 26 Frans
2864 3746 76 27 Jozef
2955 3746 57 26 zich

2079 3789 93 31 gereed
2190 3789 89 26 maakt
2295 3797 41 17 om
2355 3795 64 18 naar
2437 3787 79 26 Rome
2531 3787 28 25 te
2577 3781 161 31 vertrekken.
2754 3780 53 26 Zou
2825 3780 39 26 dit
2881 3780 74 26 enkel
2966 3788 45 18 een

2079 3820 67 27 daad
2161 3829 51 19 van
2229 3819 163 28 beleefdheid
2406 3819 51 33 zijn
2470 3819 91 33 jegens
2578 3817 30 26 de
2627 3811 111 31 keizerin
2745 3811 14 26 ?

2372 3896 345 1 Zwitserland.

2069 3967 11 14 *■
2111 3970 32 26 In
2174 3970 46 26 het
2252 3970 163 26 zwitsersche
2446 3967 191 33 hooggebergte
2670 3970 51 21 zijn
2748 3967 69 18 weer
2841 3961 171 31 reusachtige

2079 4002 207 26 sneeuwmassa's
2300 4000 126 34 gevallen.
2456 4000 94 26 Vooral
2565 3998 71 27 moet
2650 3993 31 26 de
2695 3993 164 25 Mont-Cenis
2869 4000 48 26 zijn
2926 3993 72 25 recht-

2085 4035 83 30 matig
2193 4035 105 25 aandeel
2324 4033 26 24 in
2376 4033 39 24 dit
2439 4032 144 25 hemelsche
2609 4025 281 33 nienwjaarsgeschenk
2911 4025 100 25 hebben

2080 4067 154 31 ontvangen,
2261 4074 45 17 zoo
2331 4065 70 28 zelfs,
2427 4064 46 25 dat
2500 4064 31 26 de
2557 4058 169 37 ongelukkige
2743 4056 17 25 I
2766 4055 181 33 ell-spoorweg
2963 4056 50 26 den

2080 4098 85 24 dienst
2189 4097 84 25 weder
2295 4097 72 25 heeft
2383 4097 102 24 moeten
2504 4096 98 25 staken.
2635 4093 37 25 De
2689 4087 185 33 Brmdisi-post
2893 4097 20 15 is
2931 4087 81 26 boven

2079 4137 32 25 op
2138 4129 50 25 den
2212 4128 65 33 berg
2301 4128 96 33 blijven
2422 4128 102 31 steken;
2550 4135 48 18 aan
2624 4124 47 25 den
2699 4121 111 25 anderen
2833 4121 63 25 kant
2914 4121 51 25 kan
2982 4121 31 25 de

2079 4162 119 25 fransche
2226 4161 61 24 mail
2306 4160 53 26 niet
2376 4160 91 26 verder
2484 4161 92 25 komen
2593 4159 50 26 dan
2659 4153 182 33 Lanslebourg.
2880 4153 135 25 Irouwens

2080 4195 102 24 moeten
2199 4192 51 25 alle
2267 4192 163 32 bergpassen,
2448 4193 40 24 die
2505 4199 63 18 naar
2585 4185 163 38 opper-ltalie
2759 4191 102 21 voeren,
2878 4186 50 31 zijn
2937 4193 61 24 opge-

2080 4225 63 27 vuld
2160 4225 53 25 mot
2230 4231 102 19 sneeuw
2349 4231 30 19 en
2396 4224 46 26 het
2460 4224 105 26 verkeer
2583 4218 87 39 geheel
2688 4222 47 25 zijn
2753 4217 139 28 gestremd.

2115 4258 112 32 Burgers
2255 4257 39 25 uit
2319 4257 76 28 Baar,
2419 4257 98 26 kanton
2541 4257 61 31 Zug,
2629 4250 98 28 hebben
2748 4254 27 15 m
2794 4248 51 25 den
2863 4248 151 26 Bondsraad

2082 4290 100 26 bericht
2200 4297 120 26 gegeven,
2340 4289 45 26 dat
2402 4296 32 26 op
2451 4289 50 26 den
2517 4289 89 26 25sten
2621 4280 145 30 December,
2784 4280 54 22 drie
2846 4280 119 25 Jezuïten
2975 4281 39 24 uit

2081 4322 145 31 Feldkircb,
2246 4330 31 24 op
2295 4322 182 32 uitnoodiging
2494 4329 48 18 van
2561 4320 48 25 den
2626 4315 109 34 pastoor,
2752 4317 27 18 in
2794 4315 31 20 de
2848 4315 61 21 kerk
2920 4315 79 30 begon-

2081 4364 50 17 nen
2148 4356 50 31 zijn
2215 4354 178 32 wekolijksche
2409 4354 97 25 statiën
2523 4354 26 25 te
2562 4349 107 30 houden.
2686 4342 220 34 Dientengevolge
2915 4342 85 27 verlan-

2081 4396 50 24 gen
2150 4383 40 30 dio
2207 4387 110 32 burgers
2334 4385 190 32 onmiddellijke
2541 4377 172 35 maatregelen
2728 4381 33 20 OTi
2769 4375 84 31 grond
2861 4382 51 19 van
2920 4375 94 26 artikel

2081 4423 32 24 58
2130 4421 44 25 der
2191 4411 248 34 Boncfskonstitntie.
2456 4417 39 25 De
2512 4413 146 30 Bondsraad
2676 4406 67 30 heeft
2753 4406 59 25 «leze
2823 4407 191 34 aankondiging

2082 4461 47 17 aan
2148 4452 31 26 de
2199 4450 135 34 regeering
2352 4459 48 15 van
2417 4450 46 24 het
2479 4449 96 25 kanton
2593 4447 54 30 Zng
2654 4439 181 32 medegedeeld
2844 4440 54 26 met
2907 4442 107 25 verzoek

2081 4493 45 18 om
2143 4493 45 18 zoo
2205 4485 106 30 spoedig
2328 4482 111 32 doenlijk
2456 4482 105 32 rapport
2578 4480 40 24 uit
2633 4478 26 25 te
2675 4474 119 27 brengen.

2396 4558 289 41 Frankrijk.

2112 4632 38 27 De
2177 4631 78 28 reden
2272 4638 128 22 waarom,
2415 4630 79 32 tegen
2513 4628 80 27 ieders
2610 4618 184 33 verwachting,
2812 4618 30 24 de
2859 4626 92 19 namen
2969 4620 45 25 dor

2080 4665 98 26 nieuwe
2194 4665 130 24 ministers
2333 4670 51 26 nog
2393 4662 56 25 niet
2465 4662 61 25 door
2543 4662 45 25 het
2606 4654 111 32 Journal
2725 4654 89 27 officiel
2829 4658 51 24 zijn
2897 4654 102 33 medege-

2081 4697 80 30 deeld,
2180 4696 83 26 wordt
2281 4696 64 25 door
2357 4695 31 25 de
2398 4694 178 26 halfofficicele
2585 4691 90 27 Patrie
2691 4689 145 27 opgegeven
2862 4684 54 25 Het
2924 4694 50 25 zijn
2983 4687 31 25 de

2080 4729 137 30 ministers,
2233 4728 41 26 die
2293 4728 26 26 in
2335 4727 45 25 het
2398 4723 235 28 kabinet-Forcade
2649 4717 71 28 reeds
2735 4715 93 31 zitting
2846 4715 102 26 hadden
2960 4737 4 7 ,
2983 4726 28 15 en

2081 4763 27 26 in
2124 4763 46 25 het
2185 4761 141 26 ministerie
2344 4759 106 26 Ollivier
2469 4757 124 27 benoemd
2608 4754 56 31 zijn,
2680 4747 79 28 welke
2776 4747 182 32 zwarigheden
2972 4756 30 27 ge-

2082 4792 94 33 opperd
2194 4792 107 27 hebben.
2327 4792 74 25 „Men
2421 4791 71 26 heeft
2509 4791 45 26 het
2570 4782 93 34 noodig
2680 4781 99 33 geacht,
2797 4781 58 30 zegt
2872 4781 31 22 de
2913 4782 102 28 Patrie,

2081 4837 40 17 om
2145 4835 45 17 een
2217 4826 76 25 zeker
2314 4824 90 27 uitstel
2420 4831 43 19 om
2478 4831 34 19 na
2528 4824 26 25 te
2574 4819 97 27 denken
2688 4820 47 19 aan
2753 4811 45 26 het
2816 4811 66 26 oude
2900 4815 102 25 ministe-

2081 4859 77 26 rieele
2183 4858 111 26 element
2309 4858 27 25 te
2483 4856 67 25 Deze
2567 4850 146 30 verklaring
2730 4850 72 25 moge
2820 4844 125 33 duidelijk
2965 4854 50 21 zijn

2081 4892 27 25 in
2125 4892 31 25 de
2174 4898 81 26 oogen
2274 4898 51 18 van
2341 4889 48 26 den
2406 4889 63 25 heer
2483 4886 109 28 Bonnet,
2608 4883 47 26 den
2672 4876 137 30 redakteur
2826 4883 50 19 van
2893 4876 45 26 het
2947 4874 56 28 half-

2080 4924 123 26 officieele
2222 4923 77 31 blad,
2315 4922 31 26 de
2363 4928 106 26 gewone
2487 4920 66 25 lezer
2570 4913 100 37 gevoelt
2688 4910 45 26 dat
2750 4909 34 32 hij
2803 4915 159 28 evenwemig
2976 4911 39 25 als

2082 4956 53 26 ooit
2152 4956 65 25 weet
2233 4963 50 17 van
2301 4954 31 26 de
2349 4961 66 18 ware
2435 4951 85 26 reden.
2546 4948 132 27 „Waarom
2696 4941 99 26 moeten
2813 4948 31 22 zij
2857 4948 46 19 zoo
2913 4942 87 32 bijzon-

2081 4989 45 25 der
2150 4987 149 30 nadenken,
2326 4994 32 18 en
2383 4993 111 17 waarom
2520 4982 71 27 heeft
2609 4980 45 26 het
2670 4974 64 27 oude
2752 4972 111 26 element
2878 4981 69 19 meer
2967 4975 48 32 tijd

2080 5020 94 32 noodig
2200 5027 40 18 om
2265 5026 33 18 na
2315 5020 26 24 te
2359 5017 115 30 denken,
2490 5016 50 25 dan
2557 5014 45 26 het
2620 5011 96 26 nieuwe
2733 5007 111 25 element
2854 5007 12 22 t
2896 5017 11 11 „
2914 5008 65 25 Lhat
2995 5011 20 22 is

2285 5081 31 25 de
2331 5079 176 34 geschiedenis
2524 5086 50 18 van
2591 5070 135 33 Frankrijk
2744 5067 146 34 gedurende
2901 5072 46 25 het
2957 5072 58 32 jaar

2083 5117 60 22 1869
2160 5115 58 28 zegt
2236 5114 30 24 de
2285 5114 98 27 Palrie,
2402 5112 46 25 dat
2469 5113 31 32 zij
2519 5105 175 39 geresumeerd
2714 5105 47 21 kan
2784 5105 104 24 worden
2906 5111 27 19 in
2954 5105 60 26 «leze

2080 5145 133 25 woorden:
2231 5144 48 26 den
2300 5145 71 25 lsten
2387 5144 109 26 Januari
2518 5147 57 22 1869
2593 5147 51 19 was
2657 5137 28 26 de
2698 5135 317 33 Heeriiouhermimster;

2080 5177 50 25 den
2145 5178 90 24 31sten
2251 5176 141 26 December
2411 5179 73 28 1869,
2503 5176 93 32 brengt
2611 5173 28 22 de
2657 5170 67 25 Heer
2743 5169 81 21 -iinle
2843 5169 107 25 Ollivier
2969 5178 44 15 een

2080 5209 141 26 ministerie
2238 5209 26 26 te
2282 5215 89 20 zamen
2386 5207 43 26 uit
2444 5209 31 25 de
2491 5200 172 33 meerderheid
2680 5200 45 24 der
2743 5200 94 21 kamer.
2872 5200 31 24 In
2922 5200 40 25 die
2989 5203 26 25 12

2081 5243 124 25 maanden
2229 5241 72 26 hooft
2323 5250 60 17 eene
2405 5239 181 30 omwenteling
2608 5232 83 34 plaats
2715 5232 85 28 gehad
2824 5238 27 18 in
2868 5232 15 24 i
2891 5235 123 28 rankrijk;

2082 5275 44 27 bet
2148 5274 154 33 persoonlijk
2320 5281 80 25 gezag
2419 5274 71 26 heeft
2506 5272 48 32 zijn
2571 5269 104 25 bestaan
2692 5263 145 32 geëindigd,
2855 5271 31 17 en
2896 5264 30 25 de
2935 5265 67 25 schit-

2081 5307 130 27 terendste
2235 5306 267 33 vertegenwoordiger
2525 5310 48 17 van
2594 5300 39 25 dit
2649 5294 154 27 verouderde
2820 5296 111 32 systeem
2950 5304 20 17 is
2980 5306 33 17 nu

2081 5340 130 32 president
2239 5348 50 17 van
2314 5346 50 19 den
2388 5339 96 25 senaat.
2517 5334 70 27 Alles
2611 5339 21 18 is
2648 5327 133 38 gewijzigd
2824 5326 38 26 Do
2880 5329 73 35 geest
2969 5328 45 26 der

2081 5373 70 27 natie
2170 5373 22 26 is
2209 5372 146 34 gewijzigd,
2373 5372 30 25 de
2421 5370 86 26 kamer
2526 5367 21 25 is
2563 5359 139 39 gewijzigd,
2720 5359 45 26 het
2783 5359 135 32 k«;izerrijk
2935 5368 21 17 is
2965 5368 32 25 ge-

2082 5406 107 33 wijzigd;
2206 5404 66 28 «Toch
2290 5405 30 26 de
2339 5406 76 25 troon
2431 5402 21 25 is
2470 5400 94 34 blijven
2580 5396 73 24 stean
2679 5399 31 17 en
2724 5389 32 27 de
2764 5391 119 33 dynastie
2888 5387 26 30 lg
2921 5391 77 27 krach-

2081 5439 70 33 tiger
2184 5437 135 33 gevestigd
2353 5437 50 24 dan
2435 5434 59 25 ooit.
2533 5428 48 30 Wij
2604 5424 100 27 hebben
2734 5422 31 26 de
2790 5424 126 33 gevolgen
2939 5432 76 18 eener

2083 5470 182 31 omwenteling
2283 5469 93 27 zonder
2393 5466 30 26 de
2440 5460 184 31 omwenteling.
2654 5487 6 5 _

2114 5503 37 26 De
2169 5499 174 35 geschiedenis
2357 5507 50 17 van
2424 5498 45 25 het
2487 5493 148 34 afgeloopen
2649 5494 60 26 jaar
2726 5496 21 17 is
2760 5496 63 17 voor
2833 5487 31 25 de
2872 5489 125 25 staatkun-

2082 5535 58 32 dig
2167 5516 174 51 lijsbegeerte
2366 5523 233 33 allerbelangrijkst
2635 5526 31 19 en
2686 5518 78 33 rijker
2781 5528 48 17 aan
2848 5520 99 32 leering
2963 5520 51 25 dan

2082 5567 74 31 eenig
2184 5567 79 27 ander
2283 5567 56 31 jaar
2367 5562 26 27 in
2409 5562 31 25 de
2457 5561 123 26 nieuwere
2597 5554 123 27 historie,
2747 5551 66 26 doch
2829 5552 46 25 het
2893 5561 21 17 is
2930 5561 34 17 nu
2983 5552 30 25 de

2083 5600 46 31 tijd
2146 5607 52 25 nog
2216 5600 61 28 niet,
2295 5598 40 25 die
2350 5591 174 38 geschiedenis
2541 5590 25 24 te
2585 5585 133 31 schrijven.

2459 5655 182 56 Belgie.

2117 5733 235 28 ANTWERPEN,
2378 5734 27 24 31
2426 5731 60 25 Dec.
2515 5725 83 34 (Part.
2616 5720 90 30 Korr.)
2733 5719 32 26 In
2787 5719 31 26 de
2836 5726 89 26 vongo
2943 5718 71 27 weck

2083 5769 118 25 kwamen
2218 5771 32 21 60
2267 5765 152 32 zeeschepen
2440 5769 61 19 onze
2518 5756 81 30 haveïi
2614 5751 113 31 binnen,
2743 5752 152 25 waaronder
2913 5753 31 24 12
2965 5759 48 17 van

2085 5800 30 26 do
2131 5802 90 28 groote
2237 5798 83 30 vaart,
2337 5798 26 24 te
2380 5796 98 25 weten:
2499 5794 9 24 1
2528 5796 47 19 van
2591 5785 106 33 Iquique
2726 5785 15 24 4
2758 5791 51 18 van
2822 5781 188 32 Philadelplua,

2086 5836 11 22 I
2118 5841 47 17 van
2185 5829 172 28 Kio-Grande,
2375 5831 15 21 2
2408 5835 50 17 van
2476 5823 93 27 Callao,
2591 5820 8 21 1
2622 5823 50 18 van
2689 5815 92 32 Akyab
2798 5823 31 15 en
2850 5818 8 19 1
2881 5822 51 17 van
2952 5813 60 25 Rio-

2085 5864 105 27 Janeu-o
2222 5863 35 26 Er
2274 5859 155 28 vertrokken
2444 5861 32 22 85
2492 5856 120 30 schepen,
2630 5854 120 19 waarvan
2769 5849 14 22 5
2802 5852 64 18 voor
2881 5844 31 26 de
2921 5845 90 32 groote

2085 5897 76 26 vaart
2200 5896 27 26 te
2254 5896 98 25 weten:
2373 5896 18 22 2
2406 5896 64 20 naar
2485 5881 200 34 Buenos-Ayros,
2702 5883 15 21 2
2735 5885 64 18 naar
2815 5876 149 26 New-York
2980 5885 32 17 en

2088 5934 7 21 '
2119 5926 265 61 VoLa-eK^

2085 5993 15 13 v
2134 5980 48 26 i-&
2209 5993 17 13 v.
2245 5993 28 13 a,.
2307 5998 15 8 „
2347 5991 31 15 ,i«
2404 5985 137 21 h^rnlUnff
2563 5985 50 19 van
2630 5980 43 20 net
2691 5980 47 24 nik
2757 5981 32 25 op
2806 5980 28 20 Al
2855 5980 59 20 Dee.
2936 5980 74 24 lö(>8,

2085 6027 71 25 456.
2167 6024 144 27 MOfcta.
2336 5986 262 60 wLvan°S,o3B
2611 6007 27 45 j»
2655 6006 31 25 de
2702 6007 91 25 steden
2805 6014 31 18 en
2854 6006 159 33 plattelands

2086 6031 129 24 4,9t,1,«M«
2231 6031 89 21 zitien,
2336 6031 54 41 T^
2394 6031 57 28 1'?,
2490 6037 5 9 '
2549 6046 47 25 daa
2597 6039 110 30 rboven,
2726 6046 31 19 en
2774 6046 48 18 van
2841 6040 129 30 3,103,606
2988 6047 22 17 in

2085 6058 150 59 «SS
2249 6063 57 53 er
2307 6096 6 28 P
2313 6050 300 74 ffindt|ereenten
2629 6079 48 17 van
2696 6072 99 26 minder
2813 6072 50 26 dan
2881 6074 65 34 sonp
2963 6072 35 26 zie-

2086 6120 39 21 lon
2169 6120 40 21 Tla
2232 6118 139 24 hflv..-in«2
2395 6123 48 18 van
2471 6116 31 22 de
2518 6103 165 34 hoofdsteden
2700 6104 46 26 der
2763 6111 81 24 negen
2865 6111 146 25 provinciën

2085 6152 104 27 bestaat
2212 6152 40 25 uit
2267 6118 103 63 fife
2387 6148 132 26 inwoners,
2536 6143 117 24 waarvan
2670 6133 32 27 de
2717 6133 141 30 hoofdstad
2874 6136 45 26 des
2935 6137 77 32 rijks,

2086 6185 103 25 Brussel
2216 6193 27 17 er
2263 6184 100 30 163,249
2378 6180 58 30 telt,
2452 6177 56 25 niet
2525 6172 152 27 inbegrepen
2696 6168 30 25 de
2744 6168 139 34 bevolking
2895 6170 45 25 der
2950 6180 46 17 aan-

2085 6226 32 28 gr
2133 6195 6 47 i
2151 6226 12 17 z
2179 6195 48 47 ndè
2252 6214 156 34 gemeenten.
2430 6198 65 37 'Het
2511 6204 69 34 cijfer
2596 6207 7 18 <
2615 6198 183 56 erJ*wrter,
2798 6209 45 18 iin
2870 6206 60 24 .868
2949 6204 50 28 (me

2085 6242 158 39 Sibegrepen
2268 6247 31 27 de
2321 6242 126 31 levenloos
2464 6234 150 40 geborenen)
2633 6230 129 35 behaagt
2781 6235 117 33 156,134,
2920 6242 32 20 en
2967 6235 46 27 het

2086 6268 76 46 getaï
2191 6278 182 35 sterfgevallen
2408 6274 116 30 107-556,
2546 6267 72 27 atoo
2642 6272 48 20 een
2722 6266 117 28 meerder
2870 6268 71 34 getal
2970 6276 30 27 ge-

2088 6313 105 26 boorten
2219 6313 43 25 ten
2289 6312 109 28 bedrage
2425 6314 47 18 van
2498 6300 92 33 48,5/8.
2622 6295 32 27 Ei
2681 6299 103 26 hadden
2802 6308 26 18 in
2848 6305 63 22 1868
2926 6307 85 24 36.271

2087 6344 151 30 huwelijken
2267 6344 81 30 plaats
2373 6348 31 18 en
2428 6341 32 24 60
2483 6331 230 31 echtscheidingen.
2747 6333 118 26 Brabant
2891 6335 72 26 komt
2989 6345 26 17 m

2085 6376 182 33 laatstgemeld
2284 6374 71 32 cijfer
2370 6379 61 19 voor
2450 6370 39 25 tot
2505 6372 44 20 een
2567 6361 97 33 bedrag
2678 6371 52 19 van
2745 6369 32 24 29
2811 6366 65 27 Luik
2903 6369 40 26 tot
2969 6379 45 15 een

2085 6406 98 33 bedrag
2207 6417 48 17 van
2285 6411 34 21 15.
2354 6405 38 34 Op
2417 6405 28 24 31
2472 6394 135 32 Decembei
2637 6397 61 25 1868
2717 6405 52 19 was
2784 6398 31 27 de
2832 6399 141 37 bevolking
2988 6404 27 25 te

2088 6439 104 27 Brussel
2222 6443 103 27 174,678
2340 6438 87 25 zielen.
2459 6432 52 26 Het
2523 6429 150 34 jaarboekje
2689 6429 79 28 bevat
2784 6432 92 27 verder
2894 6436 54 25 vele
2968 6444 33 18 we-

2088 6472 187 32 tenswaardige
2293 6465 210 38 bijzonderheden
2518 6470 31 17 en
2567 6467 22 18 o.
2607 6465 21 18 a.
2647 6463 50 22 ook
2713 6463 46 25 hot
2776 6464 61 32 plan
2855 6475 51 18 van
2926 6469 78 26 statis-

2085 6506 56 25 tiek
2167 6511 172 25 aangenomen
2366 6509 32 25 op
2419 6498 45 26 het
2481 6496 197 26 internationaal
2699 6496 111 33 kongres
2825 6500 27 24 te
2870 6501 19 25 's
2900 6501 76 35 Hage
2991 6502 27 26 in

2089 6541 70 21 1869.
2196 6535 111 33 Volgens
2324 6542 59 18 eene
2400 6530 93 26 andere
2509 6528 156 24 statistische
2685 6534 97 24 opgave
2793 6530 100 28 hebben
2903 6534 30 25 de
2942 6534 57 26 kom-

2086 6568 157 27 mandanten
2258 6567 28 27 in
2306 6567 30 25 de
2352 6559 183 31 verschillende
2551 6560 157 41 provinciën,
2726 6560 34 38 bij
2779 6561 32 27 de
2819 6562 142 38 aflevering
2968 6574 50 20 van

2085 6601 46 26 het
2147 6600 156 33 kontingent
2320 6605 61 19 voor
2398 6595 31 25 de
2446 6592 128 27 nationale
2591 6592 100 28 militie,
2712 6593 142 30 (imhticns.
2874 6596 130 35 plaatsver-

2086 6639 110 25 vangers
2212 6641 28 15 «n
2261 6624 308 32 mimiiierverwisselaars)
2590 6624 143 30 bevonden,
2757 6626 45 26 dat
2820 6635 31 25 op
2869 6634 73 22 9.969
2959 6633 46 31 jon-

2085 6665 124 31 gelieden,
2236 6664 39 24 die
2302 6661 57 26 zich
2383 6654 163 34 aangeboden
2571 6653 100 26 hebben
2691 6658 72 30 6,214
2784 6661 51 30 (62,
2852 6665 15 22 3
2888 6665 70 31 pCt.)
2976 6672 30 25 ge-

2185 6704 40 20 am
2242 6694 162 27 onderwezen
2424 6694 85 20 waren
2525 6693 41 18 om
2583 6686 31 25 de
2631 6686 209 35 krijgsartikelen
2852 6696 24 25 te
2887 6697 133 28 teekeiien.

2086 6736 32 17 tn
2134 6719 72 38 8,755
2225 6728 39 26 (ol
2277 6728 39 25 37.
2333 6728 15 25 7
2365 6723 50 27 sCt
2450 6720 56 26 niet
2520 6719 102 26 kond«n
2641 6719 136 31 schrijven.
2811 6723 104 38 Europa
2927 6748 6 9 ,
2962 6728 58 33 zfgt

3056 1309 46 19 een
3125 1302 130 26 vlaamsch
3272 1302 77 31 blad,
3374 1302 162 27 onderhoudt
3555 1302 28 27 in
3600 1304 139 34 vredestijd
3756 1305 131 33 3,815,047
3904 1304 87 28 Èclda*

3054 1333 60 33 teil,
3141 1333 41 27 die
3200 1342 47 19 aan
3266 1333 148 28 onderhoud
3430 1335 91 28 kosten
3539 1335 46 34 oVt
3602 1335 115 30 millioen
3736 1337 94 34 daags,
3857 1338 46 28 dat
3919 1338 21 27 is
3959 1341 33 26 32

3054 1367 59 31 pCt.
3124 1367 45 26 der
3177 1367 182 33 gezamenlijke
3377 1368 151 28 inkomsten!
3554 1363 122 32 Amerika
3696 1369 100 26 betaalt
3815 1372 45 30 H/2
3878 1371 115 26 millioen

3056 1400 80 33 daagt
3169 1406 61 20 voor
3254 1400 46 26 het
3325 1398 92 28 afdoen
3441 1398 45 31 der
3502 1401 133 33 schulden,
3666 1401 64 30 door
3755 1400 48 30 den
3828 1395 91 43 oorlog
3943 1410 33 22 ge-

3057 1431 93 28 maakt.
3185 1431 136 33 Frankrijk
3346 1433 71 28 heeft
3432 1443 46 18 een
3495 1435 216 34 oorlogsbudget,
3738 1433 45 30 dat
3803 1437 126 33 ongeveer
3945 1436 47 27 eén

3056 1465 115 26 millioen
3195 1465 79 33 daags
3299 1461 112 39 beloopt.
3444 1467 90 35 België
3559 1468 100 28 betaalt
3684 1468 125 35 dagelijks
3834 1476 61 20 voor
3926 1466 65 33 _ijno

3057 1494 116 30 soldaten
3200 1496 266 43 (plaatsvervangers,
3494 1500 194 28 substituanten
3711 1509 32 18 en
3768 1509 70 19 arme
3866 1494 124 38 duivels!)

3059 1531 102 28 112,329
3178 1530 43 26 frs.
3240 1532 31 25 86
3288 1531 66 26 cent.
3387 1531 53 27 Dat
3468 1532 21 26 is
3517 1537 9 22 1
3543 1531 15 30 3
3582 1541 50 19 van
3651 1541 45 19 ons
3711 1533 132 31 inkomen,
3861 1541 72 19 maar
3952 1533 39 35 wij

3207 1570 40 18 '.00
3266 1563 98 30 rijk.en
3384 1564 163 28 Vlaauderen
3566 1566 176 32 prospereert!

3161 1593 54 27 •den
3233 1591 70 30 week
3319 1594 21 26 is
3358 1603 32 27 op
3405 1596 48 27 het
3468 1597 98 27 kasteel
3578 1598 152 34 Ichteghem
3742 1598 249 32 (Westvldaridefcn)

3054 1632 26 17 m
3098 1628 32 24 89
3143 1625 102 33 jarigen
3265 1628 138 26 ouderdom
3424 1630 135 25 overleden
3580 1630 31 26 de
3627 1630 81 27 bdron
3724 1639 52 17 van
3795 1631 196 32 Crombrugghe

3054 1661 50 19 van
3123 1654 152 35 Looflnghe,
3294 1658 154 33 oüd-partik
3451 1661 65 25 ulier
3533 1661 138 26 sekretaris
3687 1663 51 25 vari
3746 1662 98 33 koning
3856 1662 103 26 Willem
3971 1663 20 30 I,

3054 1695 31 18 en
3110 1695 118 25 gewezen
3254 1689 117 26 minister
3394 1689 226 37 plenipotentiaris
3639 1693 45 26 del'
3702 1693 181 27 Nederlanden
3909 1694 35 33 bij
3961 1694 30 26 de

3052 1719 85 26 hoven
3154 1727 48 18 van
3221 1719 177 30 Denemarken
3417 1731 31 15 en
3464 1724 117 28 Zweden,
3600 1726 185 25 kommandeur
3802 1719 45 33 der
3865 1726 61 26 orde
3941 1729 50 22 vari

3052 1749 47 24 den
3117 1749 228 28 Nederlandschen
3363 1753 100 31 Leeuw,
3480 1762 53 18 enz.

3084 1779 152 26 Gedurende
3262 1782 45 24 het
3327 1783 60 30 jaar
3407 1788 60 21 IBH9
3485 1787 48 30 zijn
3555 1786 40 25 uit
3613 1785 32 27 de
3661 1786 85 26 haven
3767 1796 51 17 van
3834 1789 157 32 Antwerpen

3051 1812 71 31 2,714
3148 1811 207 28 landverhuizers
3373 1815 168 30 vertrokken,
3567 1817 26 26 te
3619 1819 97 26 weten:
3744 1822 30 24 12
3791 1820 126 32 schepen,
3938 1821 53 25 met

3051 1845 65 26 2990
3132 1843 208 28 landverht__-
3358 1851 65 21 naar
3439 1846 156 33 NeW-YoTk,
3613 1852 18 24 9
3648 1851 110 31 schepen
3778 1852 53 25 met
3854 1856 43 22 104
3914 1853 61 25 land-

3052 1878 145 26 verhuizers
3215 1886 61 18 naar
3294 1877 200 30 Buenos-A»Tes
3513 1886 31 19 en
3561 1876 181 37 Montevideo,
3768 1883 14 25 2
3808 1883 109 31 schepen
3934 1886 56 21 met

3056 1915 28 21 12
3102 1907 208 32 landverhuizers
3326 1920 64 19 naar
3406 1907 48 32 llio
3474 1912 104 28 Grande
3594 1920 32 19 en
3646 1917 9 22 1
3677 1915 71 32 schip
3767 1915 53 26 met
3834 1915 18 26 8
3867 1915 104 26 h—-Ver-

3052 1942 102 28 huizers
3169 1954 64 17 naar
3249 1945 180 26 iiio-.Taneirö.

3393 2029 262 45 Rumenie.

3083 2094 33 27 In
3131 2094 31 27 de
3181 2094 94 28 Kamer
3292 2104 50 19 van
3359 2096 226 35 Afgevaardigden
3609 2100 72 26 heeft
3710 2100 31 27 de
3765 2101 118 26 minister
3898 2098 79 35 Cogol-

3052 2126 150 30 nitscheane
3210 2125 206 37 aangekondigd,
3442 2131 46 26 dat
3495 2132 136 32 Engeland
3639 2141 50 17 aan
3706 2133 30 26 de
3755 2133 78 27 Porte
3849 2133 72 26 heeft
3938 2140 41 18 ver-

3052 2159 97 31 klaard,
3168 2160 46 27 dat
3230 2161 46 26 het
3292 2170 51 19 van
3363 2167 60 28 plan
3437 2164 32 31 is,
3488 2173 40 18 om
3540 2164 32 27 de
3581 2166 317 27 Donauvorstendomnien
3907 2166 71 25 voort-

3052 2202 48 15 aan
3118 2192 38 25 als
3174 2194 126 25 Rumenie
3320 2197 25 22 te
3364 2196 137 28 erkennen,
3520 2206 31 15 en
3566 2198 50 25 dan
3625 2199 143 32 natuurlijk
3777 2199 48 25 ook
3834 2199 71 26 vorst
3914 2197 78 27 Karel

3052 2224 38 26 als
3106 2226 72 25 vorst
3193 2233 48 18 van
3259 2226 135 27 Rumenie.
3403 2228 57 26 Ook
3477 2229 148 34 Oostenrijk
3641 2232 70 25 moet
3722 2231 56 26 zich
3794 2232 26 25 in
3830 2231 111 33 gelijken
3952 2230 40 26 zin

3052 2257 100 27 hebben
3170 2258 161 32 uitgelaten,,

3409 2331 250 46 Rusland.

3083 2393 89 27 Onder
3203 2394 31 27 de
3267 2396 201 28 revolutionaire
3484 2399 189 32 dokumenten,
3699 2400 41 27 die
3757 2408 59 19 men
3835 2400 34 35 bij
3905 2396 33 32 dö
3964 2395 27 31 in

3052 2426 158 34 Petersburg
3236 2435 31 19 en
3292 2430 109 26 Moskou
3425 2432 98 32 gedane
3550 2433 221 34 onderzoekingen
3797 2434 64 26 door
3885 2434 32 27 de
3944 2443 47 25 po^

3053 2459 71 31 lihe,
3151 2460 70 27 beeft
3246 2461 149 31 gevonden,
3412 2463 107 27 bevindt
3537 2466 56 25 zich
3609 2466 107 31 volgens
3736 2467 32 24 de
3785 2467 206 31 Ostzee-Zeilung

3053 2492 47 26 ook
3119 2500 59 18 ene
3197 2494 169 27 rook—matie
3385 2496 63 26 door
3468 2497 132 27 Bakoenin
3618 2498 189 27 onderteekend
3833 2507 30 17 en
3892 2499 99 32 gericht

3052 2533 50 18 aan
3129 2525 45 26 „de
3194 2535 81 25 jonge
3302 2528 120 27 broeders
3446 2529 27 26 in
3677 2532 80 25 welke
3788 2531 27 26 in
3833 2535 91 24 «Oöver
3941 2541 50 17 van

3054 2558 132 32 algemeen
3206 2559 92 33 belang
3315 2568 61 25 mag
3392 2562 103 25 worden
3514 2563 141 31 genoemd,
3672 2563 38 25 als
3735 2564 26 24 in
3788 2563 64 26 haar
3867 2567 76 22 naast
3960 2564 31 25 de

3053 2590 167 33 kenmerkiiig
3237 2593 113 26 va__et
3366 2594 326 27 russisch-revolutionaire
3711 2596 110 31 streven,
3840 2596 31 26 de
3882 2597 93 26 verhou-

3054 2624 61 27 ding
3135 2626 46 22 .ler
3197 2626 125 25 rnssische
3350 2627 198 25 revolutionaire
3566 2628 77 31 partij
3660 2629 43 22 tot
3720 2629 31 22 de
3769 2629 119 31 poolsche
3906 2629 84 25 wordt

3053 2662 170 25 aangegeven.
3259 2655 37 28 De
3322 2657 156 26 betreffende
3504 2657 84 35 plaats
3613 2659 83 27 luidt:
3723 2670 12 12 „
3745 2668 63 17 voor
3826 2668 45 18 ons
3892 2661 99 26 Russen

3053 2695 31 18 en
3109 2687 46 26 het
3180 2687 158 30 meereodeel
3366 2691 46 26 der
3429 2692 119 31 poolsche
3566 2693 144 32 patriotten
3726 2692 103 26 bestaat
3849 2701 28 18 er
3895 2694 96 25 slechts

3052 2730 46 15 een
3115 2721 262 33 gemeenschappelijk
3396 2724 90 32 gevoel
3502 2732 31 18 en
3550 2725 73 30 doel,
3643 2725 31 25 de
3690 2725 64 25 haat
3770 2726 77 31 tegen
3865 2725 48 26 den
3927 2726 63 25 alles

3052 2752 190 33 opslokkenden
3259 2754 145 27 russischen
3430 2757 85 31 staat,
3533 2765 32 17 en
3585 2756 46 27 het
3650 2756 163 27 onwrikbaar
3830 2757 103 32 besluit,
3950 2766 41 19 om

3052 2785 53 24 met
3130 2785 51 25 alle
3208 2785 129 28 middelen
3363 2789 31 25 de
3420 2789 94 26 snelste
3540 2790 143 31 vernieling
3709 2790 112 25 daarvan
3846 2790 99 33 teweeg
3964 2791 26 25 te

3053 2816 123 34 brongen.
3210 2818 32 26 In
3269 2819 40 26 dit
3326 2822 65 31 punt
3409 2820 92 26 komen
3517 2820 41 33 wij
3579 2829 102 25 samen;
3697 2828 60 19 eene
3775 2822 105 26 schrede
3900 2823 90 25 verder

3053 2857 32 18 en
3103 2858 46 18 een
3165 2850 73 32 diepe
3254 2852 110 32 afgrond
3383 2854 59 25 doet
3459 2854 56 26 zich
3533 2854 122 26 tusschen
3672 2861 46 19 ons
3736 2862 39 26 op.
3813 2855 51 31 Wij
3887 2856 103 24 streven

3052 2890 64 15 naar
3133 2883 30 22 de
3181 2880 104 35 geheele
3305 2885 130 31 opheffing
3451 2893 50 17 van
3511 2885 45 25 het
3567 2885 157 26 staatsieven
3742 2887 26 25 in
3777 2894 31 18 en
3820 2887 91 25 buiten
3920 2888 52 24 Rus-

3053 2913 69 32 land,
3139 2915 94 30 terwijl
3252 2915 31 26 de
3299 2915 81 27 Polen
3402 2916 123 27 droomen
3535 2926 50 19 van
3595 2919 31 26 de
3637 2919 154 33 herstelling
3798 2919 45 26 des
3853 2919 137 32 poolschen

3052 2948 89 22 staats.
3175 2947 50 25 Elk
3250 2948 184 30 staatswezen,
3458 2950 25 24 al
3500 2950 21 26 is
3539 2952 46 24 het
3600 2959 53 25 nog
3670 2959 45 18 zoo
3731 2952 203 25 domokratioseh
3957 2959 30 15 «'ii

3051 2978 117 30 liberaal,
3185 2979 80 25 drukt
3283 2981 53 24 met
3352 2981 31 26 de
3402 2982 117 31 grootste
3535 2983 111 25 zwaarte
3664 2991 33 25 op
3713 2983 45 24 het
3768 2982 155 30 volksleven,
3932 2991 43 18 zoo-

3052 3009 46 26 dat
3123 3006 45 30 het
3194 3011 31 25 de
3242 3012 61 24 taak
3322 3012 21 26 is
3363 3013 45 25 der
3424 3013 145 31 toekomst,
3588 3022 43 17 om
3650 3015 31 24 de
3697 3015 86 24 staten
3800 3015 27 22 te
3843 3014 146 33 verdelgen,

3051 3043 56 25 niet
3128 3050 40 18 om
3194 3050 26 18 ze
3246 3043 85 26 weder
3347 3053 32 28 op
3399 3045 26 24 to
3443 3045 103 25 beuren.
3580 3046 53 24 Het
3651 3045 79 25 zoude
3750 3045 163 31 wenschelijk
3931 3048 58 30 zijn.

3051 3074 89 25 indien
3156 3074 41 30 wij
3216 3083 46 18 ons
3279 3076 45 26 ten
3340 3077 94 25 minste
3451 3084 63 18 voor
3531 3078 48 24 den
3598 3077 66 25 duur
3680 3083 50 20 van
3748 3078 46 24 het
3804 3080 81 24 eerste
3896 3079 94 34 bedrijf

3051 3107 46 26 der
3115 3106 202 27 oud-slaviesche
3335 3109 131 33 tragedie,
3488 3110 41 24 tot
3546 3116 60 18 eene
3624 3111 280 33 gemeenschappelijke
3921 3110 51 28 han-

3051 3139 89 32 deling
3156 3139 103 26 konden
3274 3141 159 33 vereenigen.
3468 3141 46 25 Dit
3531 3142 79 26 zoude
3628 3150 46 17 een
3690 3142 155 33 hinderpaal
3861 3144 66 31 zijn,
3947 3152 41 17 om

3051 3171 145 33 gedurende
3214 3172 32 26 de
3263 3172 105 26 verdere
3385 3172 56 26 drie
3456 3172 142 34 bedrijven,
3615 3175 149 33 vijandelijk
3781 3175 87 26 uiteen
3879 3177 26 25 te
3912 3185 77 22 gaan,

3051 3211 32 18 en
3107 3211 41 18 om
3174 3204 122 34 eindelijk
3320 3206 26 26 in
3371 3206 47 26 het
3443 3206 96 27 laatste
3559 3208 96 33 bedrijf
3669 3208 39 26 als
3725 3203 122 31 broeders
3866 3208 124 26 elkander

3051 3235 85 27 weder
3155 3236 26 26 te

3085 3269 28 25 In
3131 3279 59 17 eene
3209 3272 93 25 andere
3320 3270 169 34 proklamatie
3507 3272 104 27 worden
3633 3273 31 27 de
3681 3272 106 35 talrijke
3804 3273 183 35 weggejaagde

3051 3304 139 26 studenten
3207 3305 129 30 verzocht,
3352 3313 41 17 om
3410 3305 57 25 zich
3483 3314 48 17 aan
3547 3307 27 22 te
3592 3306 99 25 sluiten
3709 3306 33 33 bij
3761 3306 109 26 deinde
3880 3307 107 25 wouden

3051 3334 137 30 kruisende
3206 3335 206 33 rooverbenden,
3429 3338 81 27 welke
3546 3338 26 27 in
3591 3330 45 37 dat
3652 3338 61 27 stuk
3737 3338 31 28 de
3800 3346 66 20 ware
3887 3340 86 26 „verte-

3051 3370 206 32 genwoordigers
3272 3378 52 18 van
3340 3371 46 24 het
3402 3370 260 27 russisch-nationale
3680 3372 73 25 leven
3763 3380 31 17 en
3804 3373 46 24 het
3861 3373 126 25 russische

3051 3400 143 27 socialisme
3227 3402 104 27 worden
3347 3403 133 32 genoemd.

3274 3496 474 43 BINNENLAND.

3257 3572 229 28 AMSTERDAM,
3506 3570 104 30 Zondag
3625 3574 17 24 2
3658 3570 123 26 Januari.

3081 3618 113 33 Volgens
3220 3617 31 27 de
3272 3619 100 25 Liberté
3385 3618 72 26 heeft
3474 3618 31 25 de
3521 3617 85 27 keizer
3622 3617 115 33 gisteren
3754 3617 32 25 de
3804 3617 53 31 lijst
3875 3622 50 18 van
3941 3617 46 22 het

3053 3651 93 27 nieuwe
3172 3650 142 27 ministerie
3339 3650 190 27 ouderteekend
3554 3658 32 18 en
3602 3658 48 18 zou
3669 3650 31 34 zij
3718 3648 202 27 overeenkomen
3935 3647 52 26 niet

3053 3685 54 31 die,
3124 3683 81 28 welke
3224 3684 64 27 door
3304 3683 50 27 den
3372 3685 211 26 Constitutionnet
3601 3683 69 26 werd
3687 3680 189 37 medegedeeld.
3902 3681 71 26 Intus-

3053 3718 73 25 schen
3149 3716 22 25 is
3187 3717 46 25 het
3249 3718 115 25 Journal
3379 3719 89 28 officiel
3483 3716 54 26 niet
3554 3717 156 24 verschenen
3728 3724 32 18 en
3778 3715 72 26 hooft
3866 3722 58 19 men
3943 3713 46 26 dus

3053 3756 76 28 geene
3146 3741 93 33 nadere
3257 3748 163 32 bevestiging
3438 3756 51 18 van
3506 3748 39 26 dit
3561 3748 111 26 boricht.

3081 3781 39 26 De
3148 3782 92 25 Cwilla
3267 3781 125 26 Cattolica
3419 3782 74 25 bevat
3519 3789 61 18 eene
3605 3781 105 32 scherpe
3732 3777 143 34 afkeuring
3892 3787 50 17 van
3958 3776 31 27 de

3053 3813 112 33 houding
3175 3813 141 33 tegenover
3326 3813 45 26 het
3380 3811 111 27 koncilie
3508 3820 174 27 aangenomen
3692 3813 63 26 door
3778 3810 123 31 Rusland,
3909 3809 79 26 welks

3053 3846 132 34 regeering
3207 3846 52 26 den
3285 3846 107 32 eenigen
3417 3846 139 33 poolschen
3572 3846 136 32 bisschop,
3725 3842 40 30 die
3783 3841 54 31 niet
3854 3842 135 27 vermoord

3053 3878 67 27 werd
3149 3875 33 30 of
3193 3878 234 33 getransporteerd,
3442 3872 72 32 belet
3530 3878 72 26 heeft
3615 3879 27 25 te
3660 3880 79 24 Rome
3757 3876 47 27 het
3819 3876 80 34 lijden
3915 3875 73 26 dezer

3053 3904 156 66 femartelde
3234 3911 71 25 natie
3331 3911 27 25 te
3381 3911 93 25 komen
3500 3909 137 26 verhalen!
3664 3911 181 32 Daarentegen
3862 3908 126 30 ontvangt

3070 3943 119 33 'rankrijk
3213 3941 51 28 den
3283 3941 41 28 lof
3339 3950 51 20 van
3406 3941 31 28 de
3454 3944 58 26 rust
3528 3951 50 19 van
3594 3943 46 27 het
3656 3941 111 28 koncilie
3783 3943 28 26 te
3828 3940 102 28 hebben
3946 3947 28 27 ge-

3053 3976 135 33 vrijwaard
3204 3976 63 26 door
3283 3976 65 33 zijne
3365 3976 133 33 bezetting
3515 3984 51 18 van
3583 3976 48 26 den
3646 3976 157 33 pauselijkcn
3811 3976 70 24 staat
3889 3974 26 24 te
3925 3973 64 25 doen

3053 4009 163 22 voortduren.

3084 4041 56 26 Een
3163 4036 61 31 blad
3250 4048 50 18 van
3315 4038 130 34 Lemberg
3461 4037 149 28 intusschen
3631 4036 103 28 behelst
3749 4045 46 19 een
3811 4036 71 28 brief
3896 4036 78 27 onder-

3052 4074 65 25 teek,
3122 4074 38 24 'iid
3178 4064 63 34 door
3257 4074 30 24 de
3313 4072 129 32 prelaten:
3462 4070 170 31 Krzenimski,
3644 4072 73 28 Cent,
3726 4068 263 34 Stotwinski,Tryski

3053 4113 30 18 en
3109 4104 155 25 Bawrewski
3288 4113 31 17 en
3335 4103 103 33 gericht
3456 4103 43 25 tot
3523 4103 48 25 den
3598 4102 276 26 oud-administrateur
3892 4109 51 17 van
3960 4100 30 27 de

3053 4128 99 34 diocees
3167 4146 51 17 van
3233 4136 103 30 Lublin,
3360 4135 109 26 Casimir
3485 4135 157 30 Sosnowski,
3660 4135 78 25 thans
3755 4136 27 24 te
3793 4135 87 30 Rome,
3892 4133 96 26 waarin

3053 4169 30 37 zij
3100 4168 32 26 de
3149 4169 69 32 hoop
3234 4169 26 24 te
3278 4168 102 25 kennen
3396 4175 90 25 geven,
3500 4167 46 25 dat
3557 4167 46 26 het
3620 4166 111 27 koncilie
3749 4165 57 27 niet
3821 4167 32 26 de
3863 4166 110 26 overwin-

3053 4208 94 25 ningen
3165 4200 170 30 veroordeele,
3352 4199 63 25 door
3431 4199 31 25 de
3482 4202 43 21 19e
3542 4207 71 17 eeuw
3630 4200 52 24 met
3696 4199 102 25 zoovele
3816 4198 174 33 opofferingen

3056 4231 117 28 behaald.
3206 4232 38 26 De
3255 4231 125 26 oorzaken
3397 4238 50 19 van
3465 4231 31 26 de
3513 4231 148 32 algemeene
3680 4228 223 30 Ontevredenheid
3912 4230 78 32 tegen

3054 4265 28 24 de
3107 4263 148 27 katholieke
3282 4263 60 26 kerk
3361 4263 54 25 zien
3433 4263 30 33 zij
3481 4263 27 25 in
3524 4263 32 25 de
3573 4264 83 24 eerste
3673 4263 85 31 plaats
3777 4263 28 25 in
3823 4263 46 25 het
3886 4261 90 24 wereld-

3053 4296 46 30 lijk
3120 4304 81 25 gezag
3219 4296 45 26 des
3280 4303 103 25 pausen,
3394 4294 217 33 onvereenigbaar
3628 4293 53 27 met
3697 4294 31 25 de
3749 4291 175 30 denkbeelden
3940 4300 51 18 van

3054 4328 131 32 Christus;
3206 4329 45 25 ten
3273 4328 98 26 tweede
3394 4328 27 25 in
3443 4328 46 25 het
3506 4326 124 33 ontijdige
3646 4335 162 20 voornemen,
3824 4333 41 17 om
3883 4325 31 25 de
3932 4332 43 25 per-

3054 4361 123 30 soonlijke
3194 4359 203 26 onfeilbaarheid
3413 4361 41 24 tot
3471 4367 47 18 een
3534 4358 94 33 dogma
3643 4359 26 24 te
3686 4357 142 31 verheffen;
3847 4358 46 24 ten
3913 4356 77 26 derde

3054 4391 25 28 in
3106 4393 28 24 de
3157 4393 76 31 wijze,
3252 4400 103 25 waarop
3371 4391 30 25 de
3418 4390 151 26 kardinalen
3586 4390 113 31 gekozen
3716 4389 104 25 worden
3836 4396 31 18 en
3885 4388 104 32 waarbij

3054 4433 64 22 geen
3145 4424 60 24 acht
3233 4424 123 32 geslagen
3381 4423 84 25 wordt
3489 4430 32 24 op
3547 4422 30 26 de
3598 4422 126 25 belanden
3741 4421 47 26 der
3804 4420 185 26 verschillende

3053 4447 106 39 landen;
3184 4456 91 24 verder
3299 4454 26 26 iii
3356 4455 31 25 de
3412 4455 70 32 wijze
3506 4461 52 18 van
3581 4452 148 34 verkiezing
3750 4453 45 25 der
3811 4453 177 38 bisschoppen,

3053 4487 27 27 in
3102 4488 86 25 hunne
3206 4487 175 33 willekeurige
3397 4487 87 25 macht
3494 4494 60 18 over
3563 4486 31 25 de
3609 4486 113 25 mindere
3744 4486 202 32 geestelijkheid,
3963 4485 27 26 in

3054 4520 30 25 de
3100 4519 117 31 richting
3224 4519 64 25 door
3306 4519 30 25 de
3354 4519 154 25 seminariën
3526 4526 117 25 gegeven
3658 4526 50 18 aan
3724 4517 31 27 de
3772 4513 138 37 opleiding,
3930 4518 61 26 wier

3053 4550 178 27 voornaamste
3256 4551 58 25 doel
3338 4551 22 25 is
3385 4551 27 25 in
3437 4551 48 25 den
3503 4550 174 26 aanstaanden
3694 4550 110 33 priester
3820 4550 50 26 den
3885 4551 105 25 mensch

3052 4584 27 26 te
3105 4583 98 26 dooden
3229 4591 32 18 en
3278 4591 28 18 er
3322 4583 151 26 uitsluitend
3493 4590 45 18 eon
3554 4583 123 32 theoloog
3693 4591 50 18 van
3759 4583 26 26 te
3804 4583 107 28 maken;
3932 4583 43 26 ein-

3053 4616 78 32 delijk
3148 4616 27 25 in
3200 4615 31 26 de
3256 4615 143 32 inrichting
3416 4622 31 19 en
3471 4615 46 25 het
3541 4615 26 25 te
3583 4616 78 32 groot
3678 4615 89 26 aantal
3783 4615 46 26 der
3846 4615 143 30 kloosters,

3052 4648 56 26 niet
3131 4648 152 26 strookende
3309 4648 54 26 met
3380 4648 48 26 den
3446 4648 72 33 geest
3536 4646 44 27 des
3596 4648 77 33 tijds;
3694 4648 45 26 ten
3758 4648 79 26 slotte
3854 4656 32 18 en
3902 4641 89 33 voorai

3053 4689 48 18 aan
3120 4681 30 25 de
3167 4681 130 37 pogingen
3322 4688 40 18 om
3384 4680 50 26 den
3451 4678 150 34 godsdienst
3615 4675 27 32 'te
3661 4674 65 33 doen
3746 4681 175 26 samenvallen
3938 4682 53 25 met

3053 4713 31 25 de
3100 4713 176 26 nationaliteit
3294 4720 32 18 en
3343 4713 51 26 den
3411 4713 110 32 priester
3537 4713 26 26 in
3581 4714 26 24 te
3625 4713 131 33 scherpen,
3770 4714 45 25 dat
3824 4714 34 31 hij
3869 4721 48 18 van
3928 4713 63 26 alles

3053 4746 103 26 afstand
3172 4746 65 26 doen
3254 4746 77 30 moet,
3350 4744 63 26 zelfs
3428 4752 51 20 van
3495 4744 51 33 zijn
3562 4746 91 33 gevoel
3669 4754 63 19 voor
3748 4739 46 33 het
3810 4746 182 26 vaderlanden

3054 4778 64 33 zijne
3137 4778 207 33 verplichtingen
3360 4778 38 25 als
3415 4778 104 33 burger.

3087 4809 39 27 De
3144 4807 48 37 vijf
3206 4811 117 33 prelaten
3340 4809 119 34 eindigen
3476 4811 54 25 met
3537 4809 31 27 de
3576 4809 74 32 bede,
3661 4809 46 27 dat
3715 4809 120 34 bisschop
3844 4809 148 27 Sosnowski

3053 4843 27 25 in
3098 4844 59 25 dien
3174 4844 72 32 geest
3263 4844 30 25 de
3309 4843 130 33 gebreken
3456 4844 30 25 of
3498 4844 79 25 liever
3591 4844 31 25 de
3632 4844 146 32 dwalingen
3789 4844 45 25 der
3843 4843 148 26 katholieke

3056 4874 65 26 kerk
3139 4883 48 18 aan
3206 4876 45 26 het
3267 4874 111 26 koncilie
3394 4883 73 25 moge
3485 4874 175 34 blootleggen.

3086 4907 53 27 Een
3358 4909 56 26 niet
3429 4909 31 26 de
3477 4916 105 25 gewone
3600 4906 202 34 korrespondent
3819 4915 48 18 van
3882 4907 51 26 The
3951 4907 26 26 li-

3053 4948 54 18 mes
3123 4941 96 33 brengt
3235 4949 47 18 een
3299 4941 103 26 bericht
3418 4941 40 26 uit
3475 4941 89 28 Rome,
3579 4941 111 26 waaruit
3707 4939 97 32 blijken
3828 4939 52 24 kan
3896 4938 46 25 dat
3959 4939 30 31 zij

3050 4971 69 33 juist
3136 4981 87 25 zagen,
3242 4974 40 26 die
3300 4972 132 32 meenden,
3449 4974 46 26 dat
3513 4972 123 31 sommige
3653 4972 115 32 prelaten
3781 4991 5 9 ,
3806 4970 39 25 die
3860 4970 78 26 totde
3947 4977 30 26 op-

3053 5006 93 31 positie
3163 5006 102 26 werden
3282 5006 136 37 gerekend,
3433 5007 78 31 tegen
3529 5006 48 24 den
3594 5004 105 26 invloed
3718 5004 45 25 der
3781 5003 73 24 kuiïe
3870 5002 56 24 niet
3943 5001 32 25 be-

3053 5037 78 25 stand
3146 5037 98 25 zouden
3263 5036 56 32 zijn.
3353 5029 144 33 Kardinaal
3516 5035 224 30 Schwarzeuberg,
3758 5034 40 25 die
3821 5034 38 25 als
3879 5033 110 32 prinsen

3053 5069 112 37 primaat
3182 5078 50 17 van
3249 5069 138 28 Bohèmen,
3394 5075 125 25 ongeveer
3529 5068 31 24 de
3572 5067 83 26 zelfde
3663 5061 106 35 stelling
3780 5066 112 24 inneemt
3902 5072 32 25 op
3943 5065 45 25 het

3053 5100 194 33 tegenwoordig
3263 5101 118 30 koncilie,
3398 5100 38 25 als
3452 5099 32 26 de
3500 5098 135 26 kardinaal
3651 5106 48 17 van
3717 5098 175 30 Lotharingen
3902 5096 86 32 opliet

3054 5133 109 26 koncilie
3180 5141 51 17 van
3247 5133 102 28 ïrente,
3367 5139 52 18 was
3439 5131 40 26 als
3489 5138 50 18 van
3548 5131 92 25 nature
3648 5137 167 25 aangewezen
3824 5124 39 28 als
3870 5128 45 24 het
3925 5126 47 25 emi-

3053 5167 78 22 nente
3148 5165 79 24 hoofd
3240 5173 50 15 van
3309 5165 46 24 hot
3371 5163 116 25 duitsche
3504 5161 150 32 episkopaat
3670 5170 31 14 en
3710 5159 141 30 moedigde,
3868 5159 63 24 door
3938 5166 33 17 on-

3054 5187 196 39 dubbelzinnige
3266 5194 188 31 verklaringen,
3471 5202 48 15 aan
3537 5193 40 22 tot
3596 5192 85 24 verzot
3694 5192 78 30 tegen
3781 5190 31 25 de
3820 5189 112 35 plannen
3943 5189 45 24 der

3054 5228 230 33 bewegingspartij.
3321 5225 45 26 „Ik
3381 5225 52 25 kan
3449 5224 89 31 stellig
3738 5218 99 34 schrijft
3848 5220 28 24 de
3887 5219 85 25 korres-

3053 5261 112 33 pondent
3185 5259 59 24 „dat
3261 5267 58 17 men
3335 5257 54 25 niet
3399 5256 139 32 overdrijft,
3555 5262 119 18 wanneer
3683 5261 58 18 men
3750 5254 48 24 den
3811 5251 135 26 kardinaal
3956 5250 30 25 de

3054 5291 146 32 verklaring
3219 5291 26 24 in
3262 5290 48 25 den
3327 5288 77 27 mond
3514 5287 45 26 dat
3583 5287 35 33 hij
3646 5285 103 26 afstand
3774 5284 65 26 doen
3863 5291 47 18 zou
3935 5291 50 17 van

3053 5326 63 28 zijne
3142 5321 181 34 waardigheid,
3341 5321 85 25 indien
3436 5320 31 26 de
3476 5319 203 27 onfeilbaarheid
3693 5315 78 28 wierd

3054 5357 40 27 Hij
3113 5355 138 25 bekleedde
3270 5355 45 24 het
3332 5352 219 33 voorzitterschap
3568 5352 34 32 bij
3620 5352 31 24 de
3666 5350 204 25 samenkomsten
3880 5348 44 24 der
3933 5346 39 26 bis-

3052 5383 128 38 schoppen
3207 5394 32 17 en
3265 5385 60 33 gold
3351 5385 38 25 als
3413 5385 53 25 hun
3498 5382 202 26 woordvoerder.
3743 5381 71 25 Naar
3839 5379 146 32 aanleiding

3052 5428 34 17 nu
3113 5420 44 24 der
3185 5417 61 27 door
3272 5417 48 26 den
3344 5424 64 26 paus
3431 5414 172 34 vastgestelde
3627 5413 103 33 regelen
3746 5421 51 17 van
3813 5413 46 25 het
3875 5411 109 26 koncilie

3051 5451 70 26 werd
3138 5450 118 26 besloten
3270 5450 141 31 daartegen
3429 5456 60 17 eene
3506 5446 198 25 remonstrantie
3720 5445 27 25 in
3764 5446 26 24 te
3808 5444 99 25 dienen.
3924 5444 61 25 Men

3051 5483 84 26 kwam
3152 5472 89 37 echter
3263 5489 113 21 overeen,
3394 5479 46 25 dat
3462 5479 31 25 de
3519 5477 146 26 Franschen
3683 5485 31 17 en
3732 5476 151 26 Duitschers
3899 5476 73 26 afzon-

3053 5515 91 28 derlijk
3170 5513 97 25 zouden
3292 5512 128 25 handelen
3444 5519 31 15 en
3503 5510 70 25 ieder
3598 5517 46 17 een
3669 5509 128 32 zoodanig
3811 5509 60 25 stuk
3889 5509 98 26 zouden

3053 5541 130 31 teikénen.
3209 5545 54 25 Dat
3287 5552 50 18 van
3361 5543 31 26 de
3410 5542 148 26 Franschen
3574 5541 70 26 werd
3661 5536 133 38 opgesteld
3811 5549 32 18 en
3861 5541 63 26 door
3941 5550 46 18 een

3052 5585 171 26 genoegzaam
3240 5576 89 25 aantal
3345 5575 172 37 bisschoppen
3535 5574 189 26 onderteekend
3741 5581 32 18 en
3789 5574 72 40 prins
3870 5574 100 28 Schwar-

3052 5604 111 35 zenboi-g
3188 5616 59 17 nam
3272 5608 31 25 de
3327 5607 63 25 taak
3406 5614 32 25 op
3457 5607 65 28 zich,
3540 5613 41 18 om
3598 5606 125 32 dergelijk
3745 5606 60 26 stuk
3824 5607 48 26 ook
3891 5616 50 17 van
3958 5609 30 25 de

3052 5641 143 27 duitschers
3219 5640 26 25 te
3267 5639 154 32 verkrijgen.
3452 5639 54 25 Het
3529 5637 69 27 werd
3622 5639 132 33 opgesteld
3772 5647 32 18 en
3822 5639 152 31 onderschei-

3052 5674 63 25 dene
3139 5665 118 33 duitsche
3283 5672 116 32 prelaten
3423 5678 85 25 gaven
3531 5672 111 26 daaraan
3669 5672 86 26 hunne
3771 5672 220 39 handteekening,

3052 5713 72 18 maar
3148 5706 60 24 toen
3233 5711 59 18 men
3314 5704 30 25 de
3363 5702 221 34 onderteekening
3600 5712 50 19 van
3669 5704 219 38 Schwarzenbevg
3905 5717 87 27 vroeg,

3051 5737 60 26 trok
3128 5737 35 32 hij
3181 5737 84 31 terug.
3299 5735 39 25 De
3356 5735 64 26 zaak
3435 5735 76 26 heeft
3526 5737 145 33 natuurlijk
3687 5738 57 26 veel
3757 5738 96 28 indruk
3862 5731 131 45 gemaakt^

3051 5776 71 19 maar
3139 5767 139 25 voldoende
3296 5767 169 34 opheldering
3482 5770 86 26 worde
3585 5770 57 26 niet
3658 5778 122 26 gegeven.

3087 5799 52 27 Van
3172 5798 52 26 zelf
3247 5799 119 32 spreekt,
3392 5799 46 26 dat
3463 5802 41 33 wij
3531 5802 39 26 dit
3596 5802 105 33 geheele
3726 5805 118 31 verhaal,
3870 5815 123 20 waarvan

3050 5831 87 25 elders
3162 5831 67 24 niets
3254 5831 84 26 wordt
3361 5833 122 33 vernield,
3500 5842 64 19 voor
3580 5836 128 35 rekening
3723 5837 73 30 laten
3813 5848 52 19 van
3883 5841 50 27 den
3948 5842 31 27 be-

3050 5864 155 31 richtgever.

3053 6015 20 4 _
3110 6004 22 15 n
3168 6005 14 14 t
3201 5972 9 44 l
3211 5974 79 26 ieeft:
3314 5978 11 24 1
3343 5996 6 5 •
3376 5976 86 27 eervol
3480 5979 137 34 ontslagen
3635 5981 50 26 den
3702 5981 59 27 luit.
3777 5982 43 25 ter
3836 5991 43 18 zee
3894 5981 50 26 2do
3959 5981 37 26 kl.

3051 6007 33 22 H.
3111 6007 30 25 C.
3167 6007 79 30 Juta,
3272 6014 32 27 op
3330 6008 73 27 diens
3428 6013 116 27 verzoek,
3560 6014 56 25 met
3648 6014 48 26 den
3725 6015 113 26 laatsten
3856 6013 139 28 December

3051 6038 86 26 eervol
3154 6039 40 25 uit
3209 6039 50 26 den
3276 6041 188 34 zeedienst;—
3481 6046 35 26 2°.
3527 6046 145 27 bevorderd
3691 6047 48 27 den
3756 6047 132 27 adelborst
3900 6047 52 25 iste
3961 6046 34 25 kl.

3076 6104 7 12 i
3107 6072 38 44 V?
3148 6072 30 44 et«
3229 6072 18 28 k
3275 6074 41 27 tot
3343 6076 58 28 luit.
3428 6078 43 27 ter
3495 6087 44 19 zee
3554 6080 50 26 2do
3624 6080 35 27 kl.
3676 6090 31 17 en
3724 6079 50 27 den
3791 6080 65 26 oftic.
3876 6089 48 17 van
3943 6087 53 24 gez.

3051 6105 48 25 3de
3116 6105 35 26 kl.
3170 6105 35 32 bij
3226 6106 31 26 de
3274 6110 133 27 zeemacht
3423 6111 25 26 J.
3467 6119 51 19 van
3534 6112 64 27 Lith
3613 6113 183 30 Harrebomée,
3814 6113 40 24 tot
3872 6111 64 26 ofrlc,
3947 6118 48 18 van

3052 6144 54 25 gez.
3124 6137 48 26 2de
3193 6137 50 33 kl.;
3260 6155 32 5 —
3309 6142 34 27 3°.
3363 6144 86 26 eervol
3467 6145 137 34 ontslagen
3621 6145 50 27 den
3687 6145 61 26 heer
3765 6144 24 27 J.
3809 6144 30 26 G.
3849 6144 30 26 A.
3891 6143 105 28 Gollois,

3052 6177 31 25 op
3102 6170 72 26 diens
3190 6174 109 26 verzoek
3320 6176 38 26 als
3376 6176 214 28 administrateur
3604 6188 50 15 van
3663 6178 46 25 het
3717 6176 190 30 kroondomein,
3918 6176 78 24 onder

3051 6202 208 35 dankbetuiging
3276 6215 63 19 voor
3357 6209 65 33 zijno
3437 6210 100 26 trouwe
3555 6220 32 17 en
3604 6210 105 32 ijverige
3726 6209 116 26 diensten
3853 6219 6 20 ;
3869 6222 31 5 —
3911 6208 33 25 4°.
3953 6207 28 25 be-

3052 6235 92 27 noemd
3172 6235 40 30 tot
3240 6239 214 31 administrateur
3480 6253 50 17 van
3547 6243 46 26 het
3611 6242 189 26 Kroondomein
3816 6241 50 32 jhr.
3883 6240 46 26 Th.
3946 6248 50 17 van

3053 6268 139 35 Capellen;
3219 6287 31 4 —
3275 6274 34 26 s°.
3334 6274 145 30 bevorderd
3507 6276 33 33 bij
3565 6276 46 26 het
3628 6275 106 26 kabinet
3751 6274 43 26 des
3811 6272 124 34 konings:
3957 6273 39 25 tot

3057 6302 70 26 lsten
3152 6304 73 25 klerk
3253 6306 50 26 den
3327 6307 65 27 2den
3409 6309 74 25 klerk
3500 6308 32 27 D.
3552 6309 30 25 G.
3598 6307 163 32 Tinbergen;
3778 6321 30 2 —
3826 6307 33 25 6°.
3879 6305 117 24 verleend

3054 6344 47 18 aan
3130 6333 48 31 den
3207 6334 64 31 bode
3288 6346 30 20 en
3337 6339 137 37 koncierge
3491 6341 28 26 A.
3540 6340 94 26 Dohna
3651 6339 48 26 den
3717 6339 60 26 titel
3795 6346 47 18 van
3860 6335 119 27 kamerbe-

3054 6367 116 30 waarder
3188 6379 32 18 en
3236 6371 146 34 koncierge.

3089 6438 39 32 Bij
3148 6441 97 27 besluit
3261 6451 50 18 van
3330 6443 26 26 Z.
3373 6444 35 25 M.
3429 6444 22 25 is
3468 6443 110 33 bepaald
3594 6442 46 25 het
3657 6441 119 25 montant
3794 6438 45 25 «ler
3852 6431 144 38 gedurende

3056 6471 46 27 het
3118 6468 61 39 jaar
3200 6477 63 26 1870
3278 6476 27 26 te
3321 6476 122 33 genieten
3461 6474 255 28 schadeloosstelling
3732 6476 100 25 wegens
3849 6474 80 28 gemis
3946 6470 50 18 van

3057 6504 151 30 foeraadien
3233 6515 65 20 voor
3314 6503 30 31 de
3363 6508 142 32 generaals,
3521 6506 90 26 hoofd-
3628 6513 30 17 en
3676 6502 104 26 verdere
3800 6500 126 24 officieren
3946 6502 50 17 van

3057 6539 46 25 het
3120 6539 71 33 leger
3217 6548 45 24 per
3287 6541 80 31 paard
3393 6548 31 17 en
3450 6547 45 24 per
3520 6539 52 30 dag
3596 6536 57 24 vast
3680 6535 26 21 te
3732 6530 91 25 stellen
3850 6535 38 18 as
3905 6529 91 28 volgt:

3057 6572 26 24 te
3102 6572 163 26 Amsterdam
3282 6575 33 25 70
3331 6573 86 28 cents,
3435 6568 167 28 Amersfoort,
3619 6561 123 30 Haarlem
3759 6560 236 31 enZutphen6sc,

3058 6604 116 26 Arnhem
3189 6613 31 17 en
3239 6604 198 30 'sGravenhage
3458 6605 31 21 66
3507 6607 28 20 c„
3552 6596 85 26 Breda
3653 6602 31 18 en
3702 6602 11 17 s
3722 6594 84 25 Bosch
3815 6594 31 25 67
3856 6599 28 21 c,
3895 6594 84 22 Deven-

3058 6638 50 24 ter.
3125 6637 94 25 Leiden
3239 6645 32 15 en
3287 6633 145 26 Roermond
3449 6634 32 22 63
3498 6638 37 19 c.,
3553 6626 111 27 Utrecht
3681 6630 32 22 69
3729 6633 38 19 c.,
3784 6625 83 25 Venlo
3885 6626 32 24 64
3934 6632 65 20 een

3058 6674 64 19 voor
3148 6667 30 25 de
3203 6667 26 25 in
3256 6673 46 18 een
3322 6665 45 25 der
3384 6663 102 30 overige
3503 6659 170 31 garnizoenen
3690 6659 169 34 geyestigden
3876 6665 33 27 op
3927 6661 33 25 65
3978 6667 20 19 c.

3059 6699 54 27 met
3132 6698 58 26 dien
3207 6697 143 27 verstande,
3360 6696 45 22 .lat
3413 6693 34 30 bij
3458 6691 123 32 tijdelijke
3591 6687 169 37 afwezigheid
3768 6689 92 31 buiten
3872 6692 30 28 de
3911 6693 74 26 stand-

3058 6731 86 33 plaats
3168 6730 32 24 d»
3223 6726 157 31 vergoecl—g
3407 6720 39 30 aal
3464 6722 104 27 worden
3587 6722 106 35 golidun
3706 6742 5 9 ,
3725 6720 133 33 b-etend
3874 6733 64 20 naar
3954 6726 45 25 het

4031 1305 98 32 bedrag
4144 1313 64 20 voor
4225 1305 40 26 die
4281 1298 161 38 standplaats
4459 1298 164 35 vastgesteld,
4643 1294 93 34 terwijl
4744 1296 35 32 bij
4788 1294 178 32 verplaatsing

4031 1337 30 30 de
4087 1337 146 30 «durende
4259 1337 48 28 den
4328 1333 102 31 marsch
4449 1333 26 27 te
4495 1332 119 34 genieten
4631 1328 157 37 vergoeding
4804 1328 48 38 zal,
4860 1328 105 26 worden

4030 1371 129 27 berekend
4187 1378 63 20 naar
4277 1370 48 26 don
4350 1367 138 30 maatstaf,
4509 1370 175 26 aangenomen
4701 1368 61 19 voor
4780 1367 188 26 garnizoenen,

4030 1411 70 20 waar
4115 1411 79 27 geene
4212 1401 191 30 overeenkomst
4420 1406 63 20 voor
4499 1396 31 28 de
4546 1396 115 33 levering
4677 1401 50 19 van
4742 1393 161 32 foeraadjew
4918 1397 33 27 ge-

4030 1437 92 26 sloten.

4064 1506 59 26 Van
4155 1508 71 32 weg'e
4259 1504 50 28 den
4333 1504 118 27 minister
4482 1508 52 19 van
4548 1495 217 32 binnenlan<_che
4786 1493 80 28 zaken
4883 1493 86 27 zullen

4031 1538 45 28 ten
4090 1538 115 27 behoeve
4221 1537 46 28 der
4285 1537 260 32 state-spoorwegen
4570 1530 104 30 worden
4693 1528 169 27 aanbesteed:

4064 1570 157 33 Donderciag
4247 1578 14 18 t,
4279 1570 74 26 Jan.:
4378 1567 45 27 het
4441 1567 93 27 waken
4550 1573 50 21 van
4617 1564 31 27 de
4664 1563 90 35 pijlers
4772 1569 31 19 en
4819 1561 46 25 het
4884 1561 84 24 Imker

4031 1602 141 30 landhoofd
4188 1610 50 19 van
4256 1602 31 27 de
4302 1602 65 33 brug
4385 1607 61 20 over
4463 1600 31 27 de
4511 1599 98 27 nieuwe
4628 1597 73 27 Maas
4719 1600 26 21 te
4765 1594 161 27 Rotterdam.

4062 1635 171 32 Donderdag,
4260 1638 30 22 13
4313 1635 77 26 Jan.:
4424 1635 45 24 het
4496 1631 138 33 verdiepen
4651 1638 51 18 van
4719 1628 31 26 de
4767 1632 98 21 nieuwe
4884 1628 81 24 haven

4031 1671 50 22 vari
4097 1664 165 35 Middelburg
4278 1667 128 26 benevens
4414 1665 45 26 het
4468 1664 126 33 afsnijden
4611 1669 51 21 van
4678 1661 32 27 de
4727 1659 79 27 bocht
4824 1658 56 27 dier
4886 1658 84 25 haven

4030 1701 27 25 te
4075 1690 172 43 Middelburg.
4945 1719 9 8 ,

4062 1731 171 33 Donderdag,
4258 1731 34 26 20
4325 1729 74 27 Jan.!
4433 1728 31 27 do
4480 1728 145 33 voltooiing
4641 1727 46 26 der
4713 1726 143 32 afsnijding
4873 1730 50 19 van
4939 1726 31 20 de

4031 1762 72 27 Maas
4121 1763 61 26 (Vor
4200 1765 47 24 den
4266 1763 162 26 Hedelschen
4446 1760 106 32 Waard,
4571 1760 113 27 beneden
4701 1757 98 34 Empel,
4808 1757 54 27 met
4873 1755 97 31 daarbij

4031 1794 159 28 behoorende
4208 1796 56 27 lijs-
4281 1804 31 15 en
4330 1795 195 32 grondwerken.

4061 1822 171 38 Donderdag.'
4248 1830 32 26 27
4305 1826 77 26 J.'til.:
4419 1827 31 25 I°.
4475 1826 46 25 hot
4547 1824 92 27 maken
4658 1831 52 19 van
4727 1822 102 27 werken
4846 1820 122 27 beoosten

4030 1860 167 27 Rotterdam,
4217 1860 41 24 tot
4277 1859 171 32 verandering
4465 1866 50 17 van
4533 1856 213 33 waterleidingen
4763 1863 51 19 van
4834 1854 45 26 het
4887 1853 66 32 hoog-

4029 1891 216 31 heemraadschap
4271 1890 145 31 Schieland,
4442 1892 44 22 ten
4507 1889 110 26 behoeve
4636 1897 48 18 van
4703 1889 47 25 den
4768 1894 133 26 spoorweg
4922 1893 48 17 van

4029 1920 151 27 —Otterdam
4200 1929 63 17 naar
4279 1922 100 31 Breda;
4415 1922 34 25 2°.
4468 1923 46 24 het
4537 1920 109 27 maken,
4674 1922 103 24 leveren
4795 1928 32 17 en
4844 1915 126 37 opstellen

4028 1961 50 18 van
4102 1954 53 24 tien
4182 1952 189 31 draaischijven
4400 1954 44 22 ten
4463 1954 103 24 «iienste
4585 1952 46 25 der
4646 1954 116 24 centrale
4780 1951 189 32 werkplaatsen

4028 1987 26 25 te
4071 1984 104 27 Zwolle.

4059 2013 171 39 Donderdag,
4248 2016 17 27 3
4283 2013 92 30 Febr.:
4407 2014 47 27 het
4469 2015 111 33 dempen
4598 2021 52 19 van
4669 2014 32 26 de
4719 2014 197 26 Binnen-Rotte
4944 2015 30 24 te

4031 2052 157 28 Rotterdam
4199 2059 31 18 en
4238 2049 46 27 het
4299 2049 93 26 maken
4409 2055 51 20 van
4476 2046 272 34 funaeeringswerken
4765 2054 32 18 en
4806 2047 168 32 afwatering-

4030 2086 102 27 Werken
4157 2086 27 25 in
4209 2083 41 27 die
4274 2082 102 34 gracht,

4062 2118 169 33 Donderdag,
4261 2119 30 22 10
4315 2115 90 25 Febr.:
4434 2113 45 26 het
4496 2112 92 27 maken
4606 2119 50 19 van
4674 2112 144 33 gebouwen
4834 2120 31 17 en
4885 2112 89 32 eenige

4030 2152 94 27 andere
4142 2151 104 27 werken
4260 2154 64 21 voor
4341 2148 46 27 het
4402 2145 221 35 hoofd-magazijn
4649 2152 31 19 en
4698 2144 32 26 de
4750 2144 115 26 centrale
4885 2139 70 31 werk-

4031 2185 117 32 plaatsen
4168 2185 26 24 te
4213 2183 110 27 Zwolle..

4063 2216 171 34 Donderdag,
4261 2218 30 24 10
4309 2213 103 26 Maart:
4440 2210 46 28 het'
4508 2210 93 27 maken
4618 2217 32 18 en
4667 2210 94 25 stellen
4778 2216 51 19 van
4846 2210 50 24 den
4913 2215 38 18 me-

4030 2250 71 27 talen
4126 2245 159 31 bofeiibouw
4292 2255 63 19 voor
4364 2246 31 26 de
4411 2246 69 32 brug
4488 2250 63 21 over
4559 2243 30 27 de
4607 2241 152 28 oude-Maas
4768 2239 34 34 bij
4813 2239 150 26 Dordrecht

4062 2333 31 27 In
4114 2334 61 26 1869
4192 2330 50 34 zijn
4257 2330 54 27 met
4329 2327 107 40 gunstig
4453 2328 94 34 govolg
4565 2323 214 38 geëxamineerd:
4795 2322 163 28 Hoofdonder-

4030 2367 98 32 wijzers
4152 2367 48 24 220
4212 2375 6 19 ;
4243 2363 320 30 hoofdonderwijzere-eii
4580 2363 47 28 39;
4645 2357 247 34 hulponderwijzers
4910 2359 46 24 395
4967 2366 6 20 ;

4030 2396 302 35 hlilponderwijzeresseii
4354 2398 61 28 194;
4434 2393 190 33 onderwijzer»-,
4642 2392 47 31 die,
4708 2391 72 26 reeds
4798 2388 27 27 in
4843 2389 46 25 het
4904 2388 71 25 bezit

4030 2439 76 19 eener
4129 2431 60 26 akte
4215 2437 50 19 van
4291 2426 198 30 bekwaamheid
4509 2426 28 26 of
4553 2425 139 27 daarmede
4710 2421 187 35 gelijkstaande
4915 2421 60 26 akte

4030 2472 48 18 van
4106 2459 146 38 algemeene
4278 2459 131 34 toelating
4433 2460 53 25 met
4511 2458 107 33 gunstig
4637 2453 96 37 gevolg-
4749 2464 106 17 examen
4873 2454 102 26 hebben

4030 2496 119 33 afgelegd
4167 2491 26 30 in
4211 2504 46 17 een
4273 2490 31 31 of
4317 2500 67 19 meer
4402 2491 102 26 vakken
4521 2498 48 19 van
4587 2491 46 26 het
4650 2497 70 19 meer
4737 2486 148 30 mf-rebreid
4903 2486 72 32 lager

4030 2529 135 32 onderwijs
4181 2531 64 27 317;
4264 2526 239 33 onderwijzeressen
4519 2524 56 26 dito
4591 2525 63 30 277;
4672 2519 239 35 huisonderwijzers
4928 2522 47 28 47;

4030 2554 299 37 huisonderwijzeressen
4349 2559 45 27 172

4062 2641 57 26 Van
4135 2641 46 26 het
4196 2641 74 26 reeds
4286 2641 64 26 door
4368 2640 54 25 vier
4435 2640 163 33 jaargangen
4616 2637 45 24 der
4676 2634 99 26 nieuwe
4785 2634 65 25 serie
4859 2633 110 32 gunstig

4029 2674 115 27 bekende
4161 2672 142 35 tijdschrift
4319 2673 93 27 Onze
4439 2672 38 32 tij
4487 2663 22 33 <f
4522 2668 172 32 (Amsterdam
4715 2667 33 33 bij
4767 2665 65 28 C.F.
4845 2663 123 32 Stemler)

4028 2707 21 25 is
4065 2707 46 25 het
4128 2707 83 25 eerste
4227 2713 116 18 nommer
4359 2711 50 19 van
4419 2704 48 25 deri
4476 2702 96 32 vijfden
4577 2701 132 32 jaargang
4716 2700 169 26 verschenen.
4902 2700 69 24 Deze

4028 2739 139 32 aflevering
4185 2738 100 26 behelst
4302 2745 47 17 een
4365 2735 65 32 goed
4448 2733 156 34 geschreven
4623 2730 84 37 opstel
4723 2732 110 26 vanden
4851 2731 120 26 oftic.der

4028 2771 97 26 marine
4135 2771 26 26 C.
4168 2771 31 26 A.
4208 2769 90 28 Jeekel
4309 2776 59 18 over
4376 2767 40 26 de
4434 2766 256 34 doorgraVing
4708 2765 46 26 der
4766 2764 203 32 landengte

4028 2810 66 20 van
4120 2804 87 25 Snez
4233 2809 39 18 en
4296 2800 80 25 hare
4409 2800 189 33 gevolgen.
4625 2799 100 25 Verder
4742 2805 48 19 een
4808 2796 83 34 opstel
4910 2800 61 20 over

4028 2825 39 38 de
4100 2831 496 37 Hudsonsbaai-compagnie
4620 2839 32 18 en
4677 2831 46 26 één
4749 2837 63 19 over
4835 2826 117 28 Struis-

4028 2865 299 34 vogelbroeierij.
4345 2867 129 30 Eindelijk
4492 2867 39 25 als
4546 2865 112 28 varia,
4676 2862 293 32 aanteeke—ingenover

4028 2900 48 26 den
4093 2897 155 32 pyrometer,
4265 2890 46 33 het
4328 2896 222 28 Neusiedlel-meer
4566 2904 32 18 en
4615 2896 71 25 John
4697 2895 96 26 Pascoe
4801 2893 136 28 Fawkner.

4058 2966 57 28 Wie
4142 2975 47 19 een
4214 2966 150 27 beminnaar
4389 2966 24 27 is
4429 2974 48 19 van
4496 2967 50 25 den
4564 2967 142 24 trouwsten
4727 2963 90 27 vriend
4833 2963 45 25 des
4896 2968 53 19 men-

4026 3000 85 32 schen,
4129 3015 31 4 —
4178 3006 32 21 en
4226 3000 48 26 wie
4291 3006 77 20 onzer
4383 3000 22 26 is
4423 2999 45 26 dat
4485 2999 63 30 niet,
4565 3013 31 2 —
4612 2998 60 26 dien
4693 2996 79 26 raden
4789 2996 41 31 wij
4843 3002 48 18 aan
4904 3001 63 18 eene

4026 3032 170 33 voorstelling
4213 3032 34 37 bij
4265 3033 27 25 te
4310 3039 89 19 wonen
4416 3039 50 18 van
4485 3031 30 26 de
4533 3028 182 34 gedresseerde
4734 3027 102 26 honden
4858 3026 109 26 vanden

4026 3065 61 26 heer
4113 3065 28 26 F.
4170 3064 91 31 Patek,
4287 3064 81 26 welke
4385 3071 115 30 gegeven
4518 3061 103 26 worden
4637 3060 27 25 in
4683 3060 31 25 de
4731 3060 91 32 groote
4839 3058 57 25 zaal
4916 3065 50 17 van

4025 3097 143 33 Diligentia
4186 3097 208 31 (Kalverstraat).
4413 3094 100 33 Vlugge
4527 3096 97 28 toeren,
4643 3092 85 27 stoute
4737 3097 136 27 sprongen,
4892 3090 74 27 nette

4025 3130 103 28 dansen,
4154 3129 59 25 deze
4238 3129 105 25 worden
4372 3122 63 31 door
4460 3126 44 25 het
4531 3126 93 24 drietal
4650 3126 169 24 kunstenaars
4847 3124 54 25 met
4918 3124 48 24 het

4024 3162 96 27 meeste
4144 3161 90 27 sukces
4252 3157 157 35 uitgevoerd,
4433 3165 72 18 maar
4521 3157 38 25 dit
4577 3156 21 26 is
4615 3156 46 26 het
4678 3156 57 26 niet
4753 3163 104 26 waarop
4873 3155 41 34 wij
4933 3155 32 27 de

4025 3194 129 26 aandacht
4170 3194 135 25 wenschen
4324 3194 26 24 te
4367 3191 124 32 vestigen.
4517 3190 54 26 Ons
4586 3189 96 26 drietal
4697 3189 71 26 bezit
4786 3189 163 26 bekwaamhe-

4026 3227 48 25 den
4102 3234 47 17 van
4174 3226 98 33 hooger
4287 3224 69 26 orde.
4383 3223 58 27 Ziet
4465 3221 175 37 bijvoorbeeld
4669 3221 132 33 Sehnapsl,
4828 3221 54 26 met
4899 3221 67 26 welk

4025 3265 61 21 eene
4110 3249 129 35 komische
4258 3249 144 43 deftigheid
4419 3256 98 34 plaatst
4533 3256 35 33 hij
4586 3255 57 26 zich
4661 3262 63 19 voor
4741 3254 31 27 de
4791 3254 43 31 lei,
4861 3261 41 19 ora
4920 3254 46 25 het

4026 3292 87 26 woord
4137 3293 27 24 te
4187 3292 80 28 lezen,
4293 3291 63 26 door
4375 3296 46 19 een
4441 3291 46 25 der
4502 3289 164 31 aanwezigen
4683 3288 165 31 geschreven,
4867 3287 46 24 dat
4930 3286 35 32 hij

4026 3319 149 39 onverwijld
4192 3324 54 26 met
4260 3321 168 35 beweegbare
4444 3321 92 26 letters
4552 3320 41 26 zal
4610 3319 110 35 spellen!
4748 3318 112 35 Mylord,
4878 3318 31 25 de
4925 3325 28 18 re-

4026 3358 103 30 kenaar,
4148 3357 21 26 is
4188 3353 105 35 vuriger
4310 3361 50 21 van
4377 3356 71 31 aard,
4465 3363 73 18 maar
4545 3354 27 25 in
4580 3353 66 32 zijne
4828 3351 91 27 maakt
4928 3350 37 32 hij

4025 3397 65 26 geen
4110 3389 74 26 enkel
4201 3389 80 25 abuis.
4298 3389 40 25 En
4355 3384 90 37 Lydia,
4461 3386 43 26 die
4519 3386 65 26 haar
4602 3385 74 32 eigen
4694 3384 104 33 pianino
4814 3384 77 28 bezit,
4915 3383 50 24 hoe

4026 3420 135 28 allerliefst
4186 3420 83 34 speelt
4292 3420 32 33 zij
4346 3412 63 34 hare
4426 3419 169 26 boheemsche
4613 3416 122 27 liederen.

4058 3446 51 40 Wij
4135 3455 84 25 weten
4234 3454 56 25 niet
4305 3455 52 24 wat
4374 3459 70 19 meer
4462 3452 71 25 moet
4551 3450 155 26 bewonderd
4723 3448 111 31 worden,
4856 3448 46 25 het
4919 3454 30 25 ge-

4025 3484 63 27 duld
4111 3491 50 20 van
4187 3476 50 34 den
4261 3485 110 25 meester
4397 3484 30 25 of
4448 3483 32 26 de
4506 3481 189 28 leerzaamheid
4714 3481 79 33 zijner
4811 3478 155 27 schrandere

4025 3515 146 35 discipelen,
4189 3515 63 27 wier
4269 3515 185 33 lieftalligheid
4470 3515 63 26 door
4551 3515 86 26 hunne
4656 3511 216 30 bescheidenheid
4881 3510 85 27 wordt

4029 3548 163 26 geëvenaard,
4226 3547 93 32 leder,
4345 3547 40 27 die
4411 3548 31 26 de
4467 3547 203 32 voorstellingen
4697 3544 72 25 heeft
4794 3544 170 31 bijgewoond,

4378 3575 15 18 ':
4419 3575 7 11 '
4446 3589 21 4 _
4487 3579 12 13 i
4506 3578 116 18 .—iv—,
4635 3580 26 15 +..
4671 3576 103 27 h—)ben
4785 3574 181 28 aanschouwd.

4057 3615 122 26 Omtrent
4194 3613 32 26 de
4241 3611 136 34 dijkbreuk
4395 3611 27 25 in
4441 3609 51 26 den
4507 3604 256 35 Bullewijkerpolder
4780 3604 66 25 leest
4865 3609 58 18 nieu
4937 3618 27 8 _.

4025 3647 50 27 den
4090 3647 144 31 Stoomposl
4252 3644 31 27 de
4298 3641 162 35 navolgende
4475 3639 233 35 bijzonderheden:
4892 3666 5 5 .

4057 3680 58 26 Den
4130 3679 91 26 25sten
4238 3678 74 25 dezer
4329 3677 45 25 des
4389 3679 122 30 morgens
4526 3673 21 26 is
4565 3672 31 26 de
4610 3671 65 26 kade
4685 3671 44 26 der
4740 3671 223 30 btütenbedijking

4026 3713 73 30 langs
4115 3711 31 26 de
4162 3710 145 32 Bullewijk,
4318 3710 141 30 tegenover
4468 3707 50 25 den
4534 3704 154 33 Voetangel,
4702 3702 137 28 bezweken
4848 3709 31 17 en
4890 3700 60 24 daar-

4026 3744 63 27 door
4109 3743 45 26 het
4170 3743 81 26 water
4270 3749 50 15 van
4336 3738 164 26 Amstelland
4517 3738 125 32 geloopeu
4655 3743 60 19 over
4723 3736 59 24 deze
4793 3733 155 30 buitengron-

4028 3778 48 26 den
4100 3777 41 27 tot
4159 3776 19 26 's
4186 3772 203 35 rijksstraatweg
4403 3780 51 18 van
4470 3769 125 27 Abkoude
4613 3776 64 19 naar
4695 3764 172 32 Am-terdam,
4884 3764 83 25 welke

4026 3811 141 31 straatweg
4193 3807 125 28 daardoor
4345 3809 126 28 ongeveer
4491 3804 41 27 0,4
4551 3802 35 25 M.
4622 3801 146 34 onderliep.;
4802 3798 47 25 het
4884 3796 81 25 water

4028 3842 161 34 verspreidde
4214 3840 58 28 zich
4293 3839 28 28 in
4345 3834 50 31 den
4419 3834 64 30 Oost
4506 3833 122 34 Bylmer-
4643 3852 6 12 ,
4667 3840 32 19 en
4716 3830 83 28 Gem-
4815 3835 33 20 en
4866 3828 98 32 Gaasp-

4028 3886 32 25 P0
4062 3908 86 30 Tegen
4175 3911 9 22 1
4206 3914 15 18 a
4238 3908 17 24 2
4271 3913 45 18 ure
4335 3904 44 26 des
4395 3895 151 37 namiddags
4560 3892 119 31 tezvreek
4696 3893 31 26 de
4743 3893 90 33 groote
4852 3888 115 38 ringdijk

4029 3950 124 18 Tan-en
4169 3934 272 37 Bullewgkerpolder,
4454 3932 67 37 juist
4539 3928 87 30 achter
4643 3926 31 28 de
4689 3917 255 43 doorgebrokenW-

4167 3971 70 39 nabij
4254 3978 32 19 en
4303 3971 46 24 ten
4337 3948 15 22 P
4367 3969 92 25 zuiden
4474 3974 51 17 van
4540 3965 45 26 het
4604 3963 87 27 aldaar
4709 3948 254 61 -?PVjterto«nr

4029 4005 107 32 gemaal.
4162 4003 204 27 Amstelboezem
4389 3999 77 27 stond
4482 3999 77 32 hoog,
4576 3997 96 27 slechts
4689 3998 106 27 Weinige
4813 3991 151 26 centimeter

4029 4038 79 25 onder
4126 4038 30 25 A.
4174 4037 44 30 P.,
4235 4036 31 25 de
4285 4029 256 38 Bullewijkerpolder
4557 4030 72 26 beeft
4645 4036 60 18 eene
4723 4025 85 33 diepte
4826 4030 50 19 van
4889 4024 15 22 4
4911 4026 35 19 me-

4028 4070 41 25 ter
4085 4069 80 26 ondor
4181 4069 31 25 A.
4232 4069 45 28 P.,
4294 4067 94 25 zoodat
4403 4065 46 26 het
4467 4064 80 25 water
4565 4062 52 27 met
4635 4058 145 35 bijzondere
4795 4057 96 26 kracht
4900 4059 64 20 naar

4028 4102 96 26 binnen
4140 4098 99 28 vloeide
4257 4107 31 18 en
4304 4098 92 32 groote
4410 4095 113 27 stukken
4539 4102 50 19 van
4605 4094 50 27 den
4675 4091 40 26 uit
4731 4091 93 24 lichter
4833 4091 81 30 grond
4925 4091 28 19 dc-

4029 4134 124 26 staanden
4170 4130 51 34 dijk
4243 4140 32 17 en
4291 4129 124 26 voorland
4433 4136 44 18 ver
4493 4128 27 25 in
4540 4127 50 26 den
4598 4124 91 34 polder
4697 4122 177 32 medesleepte.
4894 4122 71 22 Door

4029 4167 47 25 den
4095 4166 41 26 val
4154 4173 51 18 van
4221 4165 46 25 het
4284 4160 180 32 buitenwater,
4480 4160 46 26 ten
4545 4159 107 33 gevolge
4671 4156 45 26 der
4734 4154 152 28 doorbraak,
4897 4154 70 22 hield

4028 4199 46 24 het
4090 4198 154 31 overloopen
4261 4204 50 17 van
4331 4193 50 26 den
4397 4193 141 30 straatweg
4554 4199 48 22 op,
4620 4189 133 25 waardoor
4772 4188 31 25 de
4819 4192 74 25 ramp
4910 4188 57 20 zien

4028 4228 92 28 verder
4135 4228 84 27 alleen
4238 4226 41 27 tot
4296 4226 48 26 den
4363 4222 254 34 Bullewijkerpolder
4635 4219 132 35 bepaalde.

4061 4263 57 24 Den
4143 4263 90 24 25sten
4258 4259 52 32 liep
4333 4259 45 25 het
4396 4258 80 24 water
4493 4263 53 22 nog
4561 4256 53 24 met
4631 4260 46 18 zoo
4697 4252 152 26 ontzettend
4865 4252 100 30 geweld

4029 4292 63 27 door
4108 4293 46 26 het
4169 4293 63 32 gat,
4247 4291 45 26 dat
4310 4298 48 19 aan
4376 4286 111 34 stuiting
4504 4284 56 28 niet
4574 4287 27 24 te
4618 4284 100 27 denken
4735 4283 52 27 viel
4806 4290 33 19 en
4856 4283 72 25 zulks
4938 4283 27 20 te

4028 4325 100 25 minder
4139 4345 6 11 ,
4162 4318 64 32 daar
4241 4324 31 26 de
4289 4323 87 32 slappe
4393 4317 164 35 ondergrond
4574 4319 43 24 tot
4633 4322 15 21 5
4657 4326 15 18 a
4683 4319 15 24 6
4715 4317 84 26 meter
4814 4316 86 31 diepte
4913 4317 52 20 was

4029 4355 168 34 uitgespoeld.
4597 4382 7 7 ,
4702 4382 5 7 ,
4786 4377 6 7 ,
4819 4376 8 9 ,
4887 4376 7 6 .
4929 4375 8 14 ,

4059 4389 57 26 Den
4140 4389 91 26 26sten
4253 4391 53 20 was
4331 4385 32 25 de
4382 4383 133 32 aandrang
4530 4389 50 19 van
4597 4382 46 26 het
4659 4382 81 25 water
4756 4381 100 25 minder
4874 4381 89 24 sterk,

4028 4421 56 26 niet
4109 4421 84 26 alleen
4208 4420 64 25 door
4287 4417 47 26 het
4350 4415 136 33 volloopen
4502 4423 50 18 van
4570 4414 47 26 den
4636 4414 89 33 polder
4741 4419 72 20 maar
4832 4409 48 26 ook
4899 4409 64 25 door

4028 4454 46 26 hot
4097 4453 71 25 sterk
4193 4450 123 32 verlagen
4342 4456 51 18 van
4414 4447 233 28 Amstelsboezem,
4663 4446 81 25 welke
4762 4453 33 22 op
4813 4443 50 24 den
4880 4443 84 24 avond

4029 4494 48 18 van
4091 4483 57 26 dien
4167 4485 51 30 dag
4243 4485 27 22 te
4293 4480 164 27 Amsterdam
4480 4480 58 30 0,76
4554 4476 37 27 M.
4617 4476 79 26 onder
4722 4476 31 25 A.
4769 4474 31 27 P.
4817 4474 132 26 toekende.

4059 4518 70 27 Daar
4146 4517 46 26 het
4207 4513 87 27 onheil
4311 4513 56 26 zich
4384 4513 56 25 niet
4455 4512 84 26 alleen
4557 4511 41 25 tot
4616 4509 30 25 de
4665 4511 30 24 15
4703 4511 57 22 a2O
4774 4507 83 25 meter
4871 4505 92 25 breede

4028 4548 145 28 doorbraak
4196 4546 155 32 uitstrekte,
4376 4552 72 19 maar
4466 4544 31 26 de
4513 4541 156 27 buitenkade
4687 4541 45 25 ten
4748 4539 91 26 zuiden
4854 4545 50 17 van
4923 4539 40 21 die

4028 4580 145 30 doorbraak
4193 4589 60 18 over
4271 4587 59 19 eene
4349 4577 158 33 belangrijke
4525 4576 87 31 lengte
4630 4581 52 19 was
4701 4571 141 37 gescheurd
4859 4577 32 19 en
4907 4574 43 19 ver-

4028 4617 60 25 zakt
4097 4636 5 9 ,
4120 4623 45 18 zoo
4182 4613 70 26 werd
4269 4611 117 27 besloten
4403 4610 32 26 de
4454 4604 135 38 Bullewijk
4605 4616 50 17 aan
4672 4605 30 26 de
4720 4606 67 31 brug
4804 4604 27 25 te
4841 4604 123 24 Abcoudo

4029 4657 31 19 en
4076 4650 26 24 te
4120 4645 150 31 Ouderkerk
4286 4654 50 18 aan
4351 4643 31 26 de
4400 4642 85 27 kleine
4500 4642 69 30 brug
4585 4641 30 26 af
4629 4639 27 26 te
4674 4637 94 28 sluiten
4786 4644 32 19 en
4834 4637 90 24 tevens
4932 4637 31 20 de

4029 4682 61 26 sluis
4109 4689 51 18 van
4180 4680 30 26 de
4227 4678 156 27 Riikewater
4402 4684 47 18 aan
4467 4676 48 25 den
4534 4672 145 32 Voetangel
4696 4671 28 25 af
4739 4672 26 24 te
4781 4670 125 25 dammen.
4924 4672 39 18 _e

4029 4713 135 32 afsluiting
4179 4714 26 22 te
4224 4710 123 26 Abkoude
4363 4708 52 26 had
4433 4716 32 25 op
4481 4710 33 22 26
4531 4707 44 25 des
4591 4704 96 26 avonds
4703 4703 64 25 door
4785 4702 46 26 het
4846 4704 102 27 gemeen-

4030 4747 135 26 tebestuur
4189 4744 102 33 plaats-,
4316 4750 33 25 op
4363 4744 33 25 27
4415 4748 52 19 was
4483 4737 115 35 gemelde
4616 4736 63 26 sluis
4696 4734 72 27 reeds
4786 4734 44 26 des
4846 4733 117 33 middags

4030 4776 142 31 afeedamd,
4188 4776 94 32 terwijl
4302 4782 58 18 men
4376 4775 26 24 te
4420 4772 150 28 Ouderkerk
4585 4770 32 24 de
4637 4769 67 31 hoop
4722 4767 96 26 voedde
4831 4766 30 25 de
4872 4766 78 22 afslui-

4029 4812 58 31 ting
4102 4812 53 25 met
4173 4809 47 26 den
4238 4806 84 30 avond
4337 4814 50 18 van
4403 4805 59 26 dien
4479 4802 51 34 dag
4545 4804 27 24 te
4587 4800 138 27 voltooien.

4061 4843 96 28 Eenige
4182 4841 152 30 vaartuigen
4350 4839 50 32 zijn
4416 4839 53 22 met
4486 4834 142 27 voordacht
4643 4843 27 15 in
4687 4834 31 24 de
4735 4834 142 31 afgestoten
4897 4834 50 18 _ui-

4029 4876 84 28 lewijk
4128 4874 119 30 gelaten,
4264 4873 46 24 ten
4325 4870 73 26 einde
4415 4878 51 15 van
4474 4866 150 28 Ouderkerk
4632 4865 65 26 zand
4706 4871 64 20 naar
4778 4863 31 26 de
4819 4863 144 24 doorbraak

4029 4910 25 24 te
4074 4902 103 31 kunnen
4193 4912 102 19 voeren.
4317 4903 69 26 Deze
4402 4907 111 19 aanvoer
4531 4906 50 18 van
4598 4897 83 34 grond
4698 4904 53 18 was
4767 4897 26 24 te
4804 4899 69 21 meer
4878 4894 67 22 nood-

4028 4939 107 30 zakelijk
4146 4957 6 9 ,
4167 4938 63 25 daar
4246 4937 34 31 bij
4298 4936 31 24 de
4345 4932 145 26 doorbraak
4506 4931 64 25 alles
4587 4930 79 26 onder
4684 4930 83 24 water
4774 4928 76 25 stond
4860 4932 30 17 en
4903 4931 56 18 men

4029 4970 87 26 aldaar
4133 4969 47 26 dus
4188 4976 64 24 geen
4261 4972 188 27 genoegzamen
4466 4962 83 34 grond
4560 4963 43 25 tot
4611 4961 118 32 dichting
4737 4958 163 25 voorhanden
4911 4958 51 21 had

4028 5011 31 17 en
4076 5002 40 25 die
4134 5001 83 33 grond
4233 5001 52 24 dan
4302 5006 52 24 nog
4369 5004 51 18 van
4436 4996 26 25 te
4480 4995 98 25 slechte
4603 4990 189 33 hoedanigheid
4815 4990 79 25 zoude
4912 4994 50 25 zijn

4026 5041 31 26 ge
4057 5066 39 24 De
4098 5041 141 47 Cdirektiën
4257 5067 51 19 van
4324 5059 31 24 de
4372 5057 102 32 polders
4492 5054 65 26 Gein
4573 5061 32 18 en
4624 5054 85 28 Gaasp
4726 5060 32 17 en
4775 5050 64 25 Oost
4852 5047 107 31 Bijlmer

4025 5095 102 27 hebben
4143 5101 61 18 eene
4220 5089 175 33 noodkeering
4410 5087 123 33 gemaakt
4548 5093 50 18 van
4616 5085 47 24 den
4682 5081 120 41 Riiigih.jk
4814 5081 44 25 des
4866 5081 76 22 Dulle-

4025 5121 291 34 wHkerspolderstotde
4333 5117 274 30 Abkoudermeerkade
4626 5115 76 31 langs
4726 5122 12 17 s
4747 5112 210 33 rijksstraatweg,

4024 5161 39 22 ter
4082 5159 85 31 lengte
4185 5164 50 18 van
4252 5158 48 21 200
4317 5161 15 17 a
4349 5154 47 24 300
4413 5151 35 25 M.
4479 5151 44 24 ten
4550 5146 72 27 einde
4648 5152 61 20 voor
4727 5145 104 26 verdere
4847 5143 94 25 inunda-

4024 5191 35 24 tie
4078 5197 48 17 van
4143 5186 183 26 Amstelwater
4343 5180 137 28 verzekerd
4496 5181 26 24 te
4541 5180 57 32 zijn.

4056 5222 37 24 De
4120 5228 71 24 ramp
4217 5225 48 18 aan
4291 5217 48 24 den
4364 5215 90 33 polder
4480 5211 159 31 overkomen,
4656 5218 22 19 is
4696 5217 57 19 zeer
4768 5210 26 22 te
4813 5210 144 21 betreuren.

4023 5252 76 26 Eerst
4122 5251 27 25 in
4174 5250 50 26 den
4248 5250 59 32 loop
4331 5256 52 19 van
4396 5259 5 9 .
4410 5250 61 25 1869
4488 5255 53 18 was
4558 5244 31 27 de
4605 5244 61 27 akte
4683 5251 48 18 van
4749 5241 146 31 verdeeling
4911 5241 47 25 der

4024 5283 188 35 droogmaking
4233 5290 52 18 van
4306 5282 50 26 den
4371 5281 90 34 polder
4479 5280 130 35 gesloten,
4626 5284 32 19 en
4676 5276 31 26 de
4723 5280 133 28 eigenaars
4872 5274 87 24 zullen

4023 5311 253 37 zich'vermoedelijk
4292 5316 91 33 groote
4401 5315 174 33 opofferingen
4591 5311 100 27 moeten
4701 5308 146 35 getroosten
4859 5313 41 19 om
4910 5308 51 22 den

4023 5341 90 40 polder
4129 5356 67 20 weer
4213 5348 81 33 droog
4311 5348 27 27 te
4356 5348 107 33 krijgen.
4824 5373 5 4 .
4876 5370 7 11 ,
4917 5368 8 13 ,

4056 5381 53 26 Het
4126 5382 22 25 is
4165 5383 26 24 te
4208 5382 93 30 hopen,
4318 5381 46 26 dat
4382 5381 31 26 de
4430 5378 210 35 achterliggende
4663 5375 117 35 polders,
4798 5379 61 20 wier
4876 5372 85 25 kaden

4023 5413 54 27 niet
4095 5414 50 34 zijn
4162 5413 144 35 aangelegd
4324 5422 40 19 om
4382 5414 46 27 het
4444 5413 81 28 water
4543 5420 50 19 van
4609 5411 51 28 den
4676 5407 99 31 Amstel
4800 5407 26 25 te
4851 5406 110 28 keeren,

4023 5447 112 25 bestand
4160 5448 86 25 zullen
4271 5448 48 33 zijn
4346 5450 77 31 tegen
4446 5448 47 25 het
4512 5447 89 30 water,
4617 5445 46 26 dat
4678 5444 79 26 thans
4774 5440 48 26 den
4839 5440 124 32 geheelcn

4024 5479 220 28 Holendrechter-
4260 5490 32 17 en
4310 5474 74 32 Bullè
4389 5479 190 44 wijker-polder
4596 5478 103 27 bedekt.
4715 5476 52 28 Zoo
4778 5473 61 32 niet,
4847 5480 59 20 men
4917 5478 46 20 zou

4024 5520 52 26 nog
4094 5516 105 31 grooter
4215 5523 74 24 ramp
4305 5516 27 24 te
4350 5516 122 25 wachten
4488 5513 110 27 hebben.

4059 5585 89 27 Onder
4169 5585 194 33 dagteekening
4389 5594 51 18 van
4466 5588 30 24 15
4522 5584 67 27 Nov.
4611 5585 60 24 1869
4700 5582 48 33 zijn
4778 5580 31 26 de
4835 5577 131 34 volgende

4028 5626 118 30 opgaven
4172 5621 150 32 ontvangen
4345 5627 52 18 van
4416 5619 33 26 de
4467 5616 168 34 bewegingen
4650 5622 52 18 van
4719 5611 41 27 Zr.
4775 5613 48 25 Ms.
4839 5611 126 44 schepen,

4028 5653 170 27 uitmakende
4222 5653 47 27 het
4294 5652 104 27 Nederl.
4426 5650 107 26 eskader
4557 5649 28 26 in
4604 5646 164 28 Oost-Indië:
4787 5646 85 31 fregat
4887 5644 77 25 Prins

4029 5686 149 27 Alexander
4201 5686 46 26 der
4272 5683 198 30 Nederlanden,
4495 5681 143 33 kapt.-luit.
4663 5681 41 24 ter
4729 5686 44 18 zee
4789 5678 41 25 W.
4848 5678 27 25 C.
4894 5678 72 27 Klis,

4030 5720 161 32 wachtschip
4207 5720 43 25 ter
4265 5719 76 26 reede
4359 5725 51 18 van
4428 5715 128 30 Batavia;
4572 5713 92 26 korvet
4681 5711 77 31 Juno,
4774 5709 72 32 kapt.
4858 5709 40 26 ter
4916 5715 51 22 zee,

4030 5752 51 27 Jhr
4114 5753 17 25 J
4159 5753 21 25 E
4206 5752 40 26 W.
4265 5751 28 25 F.
4311 5758 51 18 van
4380 5748 112 28 Radere,
4511 5745 158 31 wachtschip
4687 5746 41 22 ter
4744 5743 74 25 roede
4837 5748 51 19 van
4905 5743 46 24 boe-

4030 5786 111 30 rabaya;
4157 5785 93 26 korvet
4265 5791 52 17 van
4333 5781 94 33 Speyk,
4444 5780 72 32 kapt.
4533 5780 41 24 ter
4591 5786 44 17 zee
4651 5773 25 28 J.
4693 5776 35 26 M.
4746 5774 20 26 1.
4783 5774 91 25 Brutel
4891 5773 32 25 de
4941 5773 26 25 la

4032 5813 110 33 Rivière,
4160 5815 158 32 wachtschip
4335 5816 41 24 ter
4393 5813 76 25 reede
4485 5819 51 18 van
4545 5811 144 27 Macassar;
4701 5807 265 26 rocikauonneerboot

4031 5850 38 27 N°
4097 5852 44 28 14,
4159 5848 58 28 luit.
4243 5849 41 25 ter
4300 5855 43 18 zee
4358 5845 51 27 2de
4424 5844 37 27 kl.
4479 5844 25 26 S.
4521 5843 30 26 F.
4567 5842 31 26 T.
4613 5841 32 27 de
4663 5839 104 33 Vayoes
4782 5845 52 20 Tan
4851 5836 116 30 Brakell,

4032 5882 171 30 dienstdoend
4220 5878 159 33 wachtschip
4398 5880 41 25 ter
4454 5876 76 27 reede
4546 5883 51 18 van
4617 5874 157 28 Samarang;
4793 5871 157 26 raderstoom-

4032 5917 72 27 schip
4124 5919 27 22 Ie
4168 5915 35 25 kl.
4220 5911 174 28 Amsterdam,
4411 5908 143 34 kapt.-luit.
4571 5909 41 22 ter
4629 5915 43 17 zee
4689 5906 28 25 P.
4735 5904 111 31 Koning,
4865 5904 50 26 ligt
4924 5904 41 20 ter

4031 5949 77 25 reede
4123 5955 51 18 van
4191 5944 112 26 Batavia
4317 5942 171 27 beschikbaar
4504 5947 61 18 voor
4583 5939 50 25 den
4651 5937 100 28 dienst;
4768 5934 183 44 fhn>c6toon_

4033 5981 72 30 schip
4122 5979 48 27 4de
4187 5978 35 26 kl.
4239 5976 256 26 Haarlemmennoer,
4504 5972 131 26 luitenant
4643 5970 40 26 ter
4691 5976 44 18 zee
4747 5968 50 24 iste
4806 5967 157 22 kI.H-Ji.A.

4033 6014 21 24 F
4057 6013 84 28 n_.it,
4157 6012 50 31 ligt
4222 6011 27 25 te
4261 6008 155 31 Seerabaija,
4428 5995 521 35 omdoordekeuriugskom.n.ssiete.wor-

4033 6045 51 27 den
4101 6041 172 31 onderzocht-,
4289 6038 233 32 raderstoomschip
4538 6035 48 26 3de
4604 6034 33 26 kl.
4657 6025 305 57 CSakatJaii^m*

4036 6079 53 25 Iste
4115 6077 26 26 kl
4176 6074 31 27 G.
4225 6074 40 26 W.
4284 6073 27 27 C.
4329 6072 155 32 Voorduyn,
4500 6061 190 40 gestationeerd
4709 6067 27 18 in
4754 6060 31 24 de
4802 6060 105 22 Zuder-
4929 6064 34 20 en

4035 6087 242 51 Oostor^Afdeeling
4292 6113 51 18 van
4362 6104 116 27 Borneo;
4493 6093 230 33 rldei-stoomsch.p
4741 6091 50 26 2de
4806 6090 37 26 kl.
4860 6090 104 31 Brorao,

4032 6141 144 33 topt-luit.
4201 6139 41 26 ter
4267 6146 44 18 zee
4335 6137 33 25 H.
4393 6136 30 24 P.
4446 6139 48 18 van
4519 6125 115 27 Boneval
4657 6124 100 30 laure,
4782 6123 51 33 ligt
4859 6124 27 25 te
4912 6125 35 25 On-

4033 6176 72 28 rust,
4123 6181 40 18 ora
4181 6172 90 30 eonige
4289 6167 191 28 voorzieningen
4498 6162 28 24 te
4540 6158 167 31 ondergaan;
4729 6156 234 34 raderstoomschip

4032 6206 50 26 4de
4107 6204 34 27 kl.
4167 6204 107 27 Onrust,
4298 6197 130 27 l-teuaut
4449 6194 41 24 ter
4515 6198 43 18 zee
4578 6190 52 26 Iste
4651 6189 38 26 kl.
4714 6189 25 26 J.
4757 6189 28 28 C.
4802 6189 34 27 H.
4854 6190 111 30 Beeloo,

4033 6236 191 34 gestationeerd
4251 6234 26 24 in
4302 6231 32 25 de
4355 6226 152 26 Zuidcr-en
4525 6222 243 34 Ooster-Afdeeling
4785 6231 51 18 van
4854 6223 115 30 Borneo-,

4035 6265 230 32 raderstoomschip
4285 6262 52 25 Iste
4355 6257 35 26 kl.
4409 6256 130 33 Ardjoeno
4564 6255 145 34 kapt.-luit.
4726 6257 41 26 ter
4783 6265 44 19 zee
4844 6256 25 27 J.
4885 6256 32 26 H.
4936 6255 33 26 K.

4035 6302 76 26 Croes
4121 6301 51 28 ligt
4179 6301 26 21 to
4215 6294 94 27 Onrust
4317 6299 41 17 om
4369 6292 46 24 het
4423 6292 97 24 bonten
4530 6292 53 24 dok
4591 6292 26 24 te
4626 6292 103 31 sleepen
4739 6298 63 18 naar
4811 6292 155 28 Soerabaija;

4033 6321 254 39 schroèfstoomschip
4304 6322 47 26 4de
4369 6322 35 26 kl.
4422 6322 136 32 Stavoren,
4572 6322 59 27 luit.
4639 6324 43 25 ter
4690 6331 44 18 zee
4741 6322 48 26 2de
4798 6322 35 26 kl.
4843 6322 28 25 C.
4879 6321 28 26 L.
4917 6327 50 19 van

4033 6363 157 28 Woeldereu,
4200 6358 50 30 ligt
4265 6358 27 24 te
4310 6354 162 35 Palembang
4487 6358 76 24 omte
4572 6357 152 25 vertrekken
4735 6358 41 24 tot
4786 6356 46 25 het
4841 6354 65 25 doen
4917 6360 48 17 van

4032 6392 183 34 opnemingen;
4232 6387 261 37 schroèfstoomschip
4514 6391 53 26 Iste
4585 6389 35 26 kl.
4638 6387 103 26 Prinses
4756 6386 109 30 Amelia,
4883 6385 70 31 kapt.-

4031 6426 58 26 luit.
4106 6425 40 24 ter
4162 6430 44 18 zee
4224 6420 43 30 W.
4276 6420 96 34 Enslie,
4389 6424 84 27 wordt
4482 6425 28 25 to
4521 6422 148 32 Soerahaya
4681 6419 130 39 ingericht
4820 6418 39 27 als
4870 6417 79 26 wacht-

4031 6456 90 32 schip;
4136 6455 262 35 schroèfstoomschip
4417 6457 48 25 4de
4483 6456 28 26 kl
4532 6455 141 28 Coehoorn,
4682 6454 57 25 luit.
4748 6454 41 22 ter
4806 6459 43 15 zee
4869 6449 94 24 lstekl.

4031 6488 83 26 baron
4130 6488 30 27 E.
4168 6488 30 30 L.
4207 6497 52 20 van
4276 6490 149 27 Heeckeren
4442 6497 48 18 van
4511 6487 109 30 Walien,
4636 6482 190 35 gestationeerd
4844 6483 39 22 ter
4904 6484 44 20 Bul-

4032 6520 58 30 der-
4109 6530 32 19 en
4156 6516 244 38 Óoster-Afdeeling
4417 6530 50 17 van
4485 6520 115 31 Borneo;
4617 6515 229 30 raderstoomschip
4864 6514 47 21 4«le
4929 6514 34 19 tl.

4032 6554 129 34 Madura,
4188 6557 58 26 luit.
4269 6557 41 25 ter
4326 6563 43 18 zee
4391 6556 52 22 Iste
4461 6553 34 26 kl.
4513 6552 24 26 J.
4554 6550 109 31 Tromp,
4681 6543 189 37 gestationeerd
4887 6549 25 15 in
4930 6543 33 20 de

4033 6589 247 33 Wester-afdeeling
4297 6596 51 18 van
4364 6587 116 28 Bomeo;
4495 6579 255 32 schroèfstoomschip
4768 6579 47 24 4de
4838 6579 31 19 u.
4894 6579 69 17 «'

4036 6632 51 18 van
4104 6622 58 32 Nes,
4181 6622 58 26 luit.
4258 6622 41 25 ter
4316 6628 43 18 zee
4378 6621 53 24 Iste
4448 6618 35 26 kl.
4502 6615 32 26 H.
4553 6615 32 25 K.
4603 6614 109 27 Koning,
4731 6618 9 15 t
4906 6632 5 9 ,
4917 6628 34 21 uif

4037 6657 31 25 do
4087 6657 113 25 wateren
4217 6661 50 19 van
4285 6652 120 30 Celebes;
4422 6648 202 26 schroefstooms.
4633 6651 43 21 Mp
4701 6648 21 15 *

4037 6691 40 25 ter
4097 6697 43 17 zee
4162 6687 51 26 Iste
4232 6685 34 28 kl.
4285 6685 28 26 P.
4328 6684 24 27 J.
4369 6683 31 26 D.
4417 6679 170 28 Breukelman
4598 6672 107 50 ,Jf^
4707 6678 24 15 io
4728 6697 14 20 d
4743 6676 2 37 \
