5067 6898
109 159 28 25 er
163 159 44 24 zee
234 150 56 33 Ute
305 144 39 34 ki.
357 148 25 31 J.
398 143 167 35 Bel.eu.rUer.
583 142 194 40 gestationeerd
794 143 41 28 ter
849 139 129 31 Oostkust
994 144 53 22 van

109 187 136 26 Ba-atra-,
261 180 260 35 echroefstoomschip
536 174 48 34 4de
601 180 35 26 kl,
654 178 73 27 Maas
744 184 32 19 en
794 174 84 31 Waal,
889 174 58 25 lmt.
957 174 41 25 ter
1006 178 43 20 zeo

115 219 53 26 Iste
185 216 35 27 kl.
240 214 66 28 C.P.
324 220 25 20 v.
364 211 103 32 d.Star,
483 211 27 26 te
528 211 96 27 Onrust
640 219 41 19 om
699 209 28 27 io
744 207 47 27 het
808 206 79 32 droge
904 204 52 26 dok
973 210 61 27 opge-

110 257 97 17 nmnou
223 250 26 21 to
260 244 111 27 worden-,
385 240 233 38 raderstoomschip
626 244 50 26 2de
691 241 37 27 kl,
746 240 120 31 Cycloop,
883 237 59 26 luit.
954 237 41 26 ter
1007 243 41 19 zee

304 282 131 24 euurman,
452 276 144 32 ondergaat
607 279 28 22 te
653 270 149 32 Soerabaya
827 268 91 33 eenige
941 268 96 26 heretol-

454 308 25 33 ip
500 307 47 26 4de
566 307 38 28 kl.
620 302 151 31 Suriname,
797 299 58 28 lult.
872 301 43 26 ter
931 305 43 22 tee
998 301 52 26 Iste

312 341 32 24 do
361 340 100 25 Kanter
477 341 30 22 te
524 338 163 31 Soerabaya,
713 343 41 18 om
774 333 90 25 aldaar
883 332 87 33 eenige
991 332 45 26 her-

112 373 142 32 stellingen
263 373 27 27 te
299 371 164 34 ondergaan)
481 366 234 34 raderstoomschip
732 365 48 27 4de
797 364 35 27 kl,
849 363 135 30 Admiraal
999 371 51 20 van

112 406 182 32 Kinsbergen,
319 403 58 28 luit,
397 403 44 27 tsr
456 409 44 20 zee
520 404 54 24 Iste
598 400 38 26 kl.
661 399 31 27 G.
725 398 52 32 Bijl
801 397 32 27 de
853 397 84 31 Vree,
964 398 72 32 gesta-

224 431 53 32 !'in.
302 435 33 27 d«
359 436 115 25 Wateren
493 438 52 21 van
567 431 92 27 Riouvr
685 437 32 19 en
741 430 98 34 Ltnga;
855 430 169 26 schroef-con-

113 469 73 33 eehip
207 470 53 27 Iste
278 465 35 28 kl.
331 464 113 31 Willem,
465 465 73 33 kapt,
555 465 41 26 ter
614 470 43 20 lee
673 464 30 25 A.
729 461 25 27 J.
771 459 85 32 Kroef,
882 459 51 34 ligt
950 463 26 26 te
996 459 38 28 Ma-

113 508 86 20 casusr
217 508 30 18 en
267 498 84 26 wordt
369 500 54 24 met
443 500 9 22 1
471 495 143 30 December
628 497 28 24 te
674 493 110 28 Batavia
794 498 44 20 ver
842 495 89 30 wacht',
939 493 103 27 schroef
1043 506 7 6 •

552 528 39 27 ut.
599 527 41 28 ter
650 531 41 22 we
712 526 45 26 der
769 527 51 24 iste
833 524 33 30 kl.
882 524 26 28 J.
918 527 30 27 A.
957 527 93 31 Greve,

233 562 76 27 oeerd
334 562 27 26 in
559 562 30 21 he
615 560 130 30 wateren;
768 557 92 39 ijzeren
879 557 158 28 raderstoom-

115 596 73 32 schip
207 595 130 30 Sumatra,
357 592 58 30 luit,
431 593 43 28 ter
490 599 43 21 zoo
553 589 97 31 lstekl.
658 589 32 31 A.
704 587 138 34 Dronkers,
859 587 195 38 gestationeerd

113 628 28 27 in
161 628 32 27 de
208 628 116 26 wateren
339 633 51 19 van
416 624 130 32 Menado;
572 624 91 39 ijzeren
687 621 234 34 raderstoomschip
941 622 111 28 Borneo,

112 659 60 28 luit.
190 660 41 26 ter
246 666 43 20 zee
311 656 91 30 lstekl
425 657 31 27 D.
474 656 31 30 L.
522 651 159 37 Feldrnann,
696 654 193 37 gestationeerd
905 656 43 27 ter
964 653 72 27 West-

113 692 64 28 kust
194 699 52 18 van
272 690 137 31 Sumatra;
435 689 92 35 ijzeren
543 687 234 33 raderstoomschip
804 687 106 33 Banka,
935 686 59 27 luit.
1012 686 41 25 ter

116 733 45 18 zee
189 725 54 25 Iste
273 722 38 27 kl.
326 722 43 27 W.
385 722 30 26 F.
432 730 50 19 van
500 723 46 27 der
562 722 85 35 Burg,
665 720 193 33 gestationeerd
874 720 30 26 in
924 719 33 27 de
974 718 64 25 wate-

113 764 47 20 ren
178 763 52 19 van
249 752 92 30 Riouw
357 762 32 21 en
405 754 96 38 Linga;
520 755 91 33 ijzeren
627 752 235 33 raderstoomschip
879 752 97 28 Timor,
996 748 58 27 luit.

113 790 44 26 ter
174 796 44 19 zee
239 788 52 26 Iste
308 787 35 28 kl.
361 787 22 27 J.
402 788 25 27 J.
444 793 31 24 de
501 788 76 31 Hart,
593 787 51 35 ligt
669 790 27 24 te
711 787 97 27 Onrust
826 793 41 19 om
887 785 47 25 het
956 781 99 27 houten

115 821 79 28 drosre
213 820 51 27 dok
281 822 26 24 te
324 819 102 35 sleepen
442 829 65 19 naar
522 820 165 32 Soerabaija;
712 814 260 34 schroèfstoomschip
1000 813 54 27 Iste

113 853 37 27 kl.
170 852 113 35 Djambi,
302 853 70 35 kapt.
389 855 43 25 ter
449 862 43 19 zee
509 853 24 28 J.
552 853 28 26 E.
596 852 86 33 Buys,
699 850 51 33 ligt
767 852 41 25 ter
824 849 78 27 reede
914 855 50 17 van
974 847 65 24 Bata-

113 885 45 26 via
177 883 169 28 beschikbaar
363 894 61 19 voor
441 887 51 26 den
509 879 102 37 dienst-,
627 881 260 32 schroèfstoomschip
898 879 98 26 lstekl.
1006 879 33 24 Cu-

113 926 84 22 racao,
215 918 142 27 kant.-luit.
383 920 41 25 ter
441 927 43 18 zee
500 918 59 26 Jhr.
583 917 34 26 M.
637 915 41 27 W.
696 915 107 28 Bewior,
821 921 33 24 op
872 912 51 25 reis
939 917 65 19 naar
1024 909 31 26 de

115 950 90 28 Koode
229 951 48 28 Zee
304 960 31 19 en
360 952 32 26 de
417 950 137 27 Perzische
574 948 77 31 Golf;
669 943 260 33 schroèfstoomschip
944 943 51 26 3de
1020 943 34 25 kl.

116 983 100 32 Reteh,
243 985 145 33 kapt.-luit.
416 986 44 24 ter
476 991 44 19 zee
537 983 32 25 A.
578 981 41 26 W.
632 980 171 27 Keuchenius,
823 978 22 25 is
862 974 194 34 gestationeerd

112 1017 28 25 in
158 1017 31 26 do
209 1019 112 25 wateren
338 1026 51 17 van
406 1016 124 31 Celebes-,
547 1011 261 32 schroèfstoomschip
824 1009 48 26 2de
891 1009 28 25 kl
944 1009 111 28 Marnix,

112 1049 146 34 kapt.-luit.
285 1052 41 25 ter
350 1059 44 18 zeo
419 1050 30 26 P.
474 1046 198 30 Toutenhoofd,
698 1044 144 32 ondergaat
865 1043 26 25 te
909 1039 146 33 Soerabaya

115 1084 89 33 eenige
220 1084 215 30 veranderingen.

145 1153 13 12 *
176 1153 19 25 's
207 1152 242 28 GRAVENHAGE
461 1170 5 11 ,
494 1153 12 24 1
533 1149 60 26 Jan.
619 1147 91 26 Heden
726 1144 105 33 middag
849 1153 22 18 is
887 1150 30 20 er
930 1144 41 24 ter
989 1142 56 32 gele-

111 1186 112 34 genheid
247 1194 51 18 van
324 1185 48 28 den
398 1181 208 34 nieuwjaarsdag
632 1180 34 34 bij
685 1180 59 26 HH.
762 1179 64 26 MM.
844 1176 48 26 den
911 1176 98 32 koning
1025 1182 32 17 en

112 1217 130 32 koningen
269 1219 110 30 receptie
409 1215 137 33 gehouden
563 1222 51 17 van
632 1214 31 25 do
680 1213 57 26 hier
754 1215 146 25 aanwezige
918 1209 77 24 leden
1012 1209 46 21 der

110 1241 144 43 koninklijk
265 1260 5 8 >
295 1250 113 31 familie,
426 1248 60 26 HH.
506 1256 52 18 cxc.
575 1247 30 25 de
624 1246 130 26 ministers
772 1252 31 17 en
820 1243 32 25 de
872 1243 185 32 dignitarissen

112 1291 51 19 van
180 1284 46 26 het
242 1283 145 32 koninklijk
404 1281 76 26 civiel
496 1289 32 18 en
544 1280 110 25 militair
671 1278 66 26 huis.

143 1332 32 2 —
200 1316 198 33 Burgemeester
416 1322 32 18 en
468 1312 172 27 Wethouders
656 1310 104 26 hebben
777 1315 50 19 aan
844 1307 50 24 den
909 1305 65 25 raad
983 1305 74 24 dezer

112 1357 73 24 genie
343 1346 110 26 voorstel
469 1344 155 34 ingediend,
644 1344 40 25 dd.
703 1346 32 24 27
752 1342 70 27 Dcc,
840 1339 46 25 dat
904 1346 21 17 a..
944 1345 19 17 s.
980 1339 61 22 Dins-

111 1382 53 30 <iag
181 1382 40 24 zal
239 1381 145 25 behanddd
403 1378 104 26 worden
523 1385 32 18 en
573 1385 51 17 van
640 1376 50 25 don
707 1372 144 33 volgenden
869 1372 64 22 aard
950 1377 28 21 is,
997 1376 45 18 „on-

110 1414 47 25 der
174 1413 184 32 mededeeling,
377 1411 45 26 dat
439 1411 30 25 B.
487 1419 33 17 en
537 1409 53 30 W.,
608 1408 34 33 bij
661 1406 31 27 de
710 1404 128 34 opdracht
855 1403 46 25 der
911 1409 97 17 nieuwe
1017 1402 26 24 di-

266 1453 6 18 i
283 1444 43 26 het
345 1442 244 34 gemeentebestuur
606 1441 31 25 de
653 1436 180 34 bevoegdheid
852 1435 85 26 zullen
948 1435 92 25 voorbe-

109 1479 105 26 houden
233 1487 40 17 om
291 1478 90 26 enkele
398 1476 86 26 malen
501 1473 204 37 gezelschappen
722 1478 51 18 van
789 1468 84 26 elders
886 1468 45 24 ten
939 1468 117 24 tooneele

107 1512 44 25 toe
169 1512 26 24 to
213 1511 79 30 laten,
311 1518 91 18 nemen
419 1509 31 31 zij
469 1508 31 24 de
519 1505 110 32 vrijheid
647 1500 48 28 «len
713 1502 64 26 raad
794 1508 63 18 voor
873 1501 26 22 te
912 1500 93 26 stellen
1015 1506 41 18 om

109 1552 51 17 aan
184 1543 51 26 den
252 1543 139 26 franschen
409 1538 181 32 schouwburg,
607 1535 79 26 onder
703 1535 32 25 de
748 1541 104 26 gewone
865 1534 189 27 voorwaarden,

109 1583 64 18 voor
197 1576 46 25 het
268 1574 162 31 tooneeljaar
458 1570 102 31 1870/71
589 1569 126 25 wederom
733 1567 26 24 te
777 1566 135 25 verleenen
930 1572 46 17 een
991 1566 47 22 sub-

109 1607 65 26 sidie
193 1615 50 19 van
260 1606 25 30 ƒ
441 1600 198 34 Burgemeester
657 1607 32 19 en
705 1598 163 27 wethouders
885 1597 117 31 hebben,
1017 1597 26 26 al-

109 1646 94 17 vorens
220 1626 107 37 daartoe
345 1644 61 17 over
422 1636 26 24 te
465 1642 74 25 gaan,
559 1639 151 26 overwogen
720 1633 27 24 in
757 1633 94 24 hoever
859 1632 46 24 het
913 1631 41 24 tot
963 1630 93 25 dusver

113 1670 123 25 verleend
254 1669 71 32 cijfer
344 1675 50 18 van
410 1667 116 31 ƒ15,500
534 1672 64 20 voor
613 1664 190 33 vermindering
813 1663 110 27 vatbaar
933 1670 47 18 zon
997 1662 58 32 zijn.

113 1702 150 32 Beperking
281 1701 56 25 dier
353 1708 54 18 som
424 1708 47 18 zou
491 1698 210 32 onmiddellijken
728 1697 104 26 invloed
855 1695 103 27 hebben
976 1702 32 25 op
1024 1694 31 25 de

115 1734 236 34 uppointementen,
370 1731 79 28 welke
467 1733 31 27 de
516 1731 109 26 direktie
644 1731 32 32 bij
696 1731 45 26 het
750 1737 118 26 aangaan
876 1736 51 18 van
937 1734 105 19 overeen-

109 1766 122 28 komsten
247 1766 52 26 kan
315 1766 152 31 toekennen,
484 1775 32 17 en
534 1766 34 32 bij
586 1765 96 33 gevolg
698 1772 32 25 op
748 1763 46 25 het
820 1761 105 33 gehalte
943 1760 46 25 der
1007 1767 48 17 aan

109 1798 48 26 het
174 1798 103 26 tooneel
293 1800 26 25 te
339 1799 139 26 verbinden
497 1798 118 26 artiston.
650 1796 39 26 De
706 1794 145 37 maatregel
868 1800 48 18 zou
943 1791 47 26 dus
1007 1791 50 26 den

109 1831 102 33 goeden
228 1840 83 22 naam,
331 1832 59 26 dien
416 1832 46 25 het
480 1830 105 27 fransch
601 1827 104 28 tooneel
715 1827 45 25 der
776 1825 139 27 residentie
925 1824 79 25 thans
1012 1831 30 25 ge-

109 1864 65 31 niet,
191 1864 27 26 in
235 1872 96 27 gevaar
350 1864 104 27 kunnen
470 1863 133 32 brengen,
622 1869 32 19 en
671 1859 40 26 dit
728 1859 21 26 is
758 1866 63 19 voor
846 1857 31 26 B.
894 1864 32 18 en
943 1856 40 26 W.
1010 1863 47 19 een

112 1897 125 26 afdoende
255 1899 78 25 reden
351 1906 43 17 om
409 1897 85 25 iedere
513 1893 159 32 inkrimping
689 1900 51 17 van
756 1891 47 26 het
820 1889 112 26 subsidie
953 1887 90 33 bepaal-

115 1930 78 33 delijk
209 1932 28 22 te
254 1931 93 25 ontra.':

141 1963 116 32 Zoolang
273 1970 37 17 nu
326 1961 41 25 die
385 1958 112 27 subsidie
514 1956 85 27 wordt
617 1955 159 34 toegekend,
794 1955 97 32 blijven
900 1959 39 26 zij,
948 1955 53 24 met
1012 1955 45 22 het

109 2003 52 26 oog
178 2003 32 25 op
226 1995 57 26 hun
298 1991 115 28 voorstel
428 1998 51 19 van
487 1990 32 26 de
535 1988 96 28 maand
647 1987 110 28 Januari
774 1995 51 18 van
841 1985 46 26 het
904 1985 76 33 vorig
989 1985 69 33 jaar,

109 2036 52 18 van
178 2027 126 30 meening,
324 2026 46 26 dat
387 2026 30 25 de
435 2024 91 33 groote
544 2031 77 26 opera
638 2023 71 25 moet
724 2019 137 28 behouden
878 2019 104 32 blijven.

141 2061 13 13 *
164 2055 317 32 HELLE'VOETSLUIS,
506 2061 7 21 1
535 2057 59 25 Jan.
628 2055 93 25 Heden
738 2060 107 25 morgen
872 2050 71 26 werd
969 2057 33 26 op
1028 2050 31 24 de

107 2093 188 31 gebruikelijke
313 2092 86 31 wijze,
416 2091 64 25 door
497 2089 50 25 den
565 2088 133 24 direkteur
713 2093 32 17 en
754 2083 189 26 kommandant
951 2083 45 24 der
1005 2089 37 17 ma-

111 2125 57 26 rine
185 2125 26 25 in
229 2124 87 25 dienst
334 2121 107 34 gestold,
461 2121 39 25 Zr.
519 2120 47 25 Ms.
585 2115 278 33 schroef-stoomschip
878 2114 47 26 het
943 2114 60 30 Loo,
1013 2121 31 18 on-

110 2158 50 27 der
176 2157 76 27 bevel
267 2165 51 17 van
335 2156 50 26 den
402 2154 117 33 kapitein
535 2152 130 27 luitenant
681 2152 41 24 ter
739 2158 43 18 zee
796 2148 54 33 jhr.
867 2148 32 26 D.
918 2147 109 26 Bowier.

148 2205 30 2 —
196 2191 56 24 Met
269 2189 83 26 hoden
370 2189 21 25 is
410 2196 50 18 aan
476 2186 83 27 boord
575 2193 50 17 van
650 2184 40 25 Zr.
709 2183 48 25 Ms.
776 2181 159 31 wachtschip
950 2181 32 24 de
991 2181 69 31 Rijn,

110 2223 97 30 alhier,
226 2222 131 32 geplaatst
374 2220 31 26 de
422 2219 131 26 luitenant
569 2218 41 25 ter
630 2224 41 18 zee
689 2215 47 26 2de
754 2213 35 26 kl.
807 2213 26 26 J.
850 2212 30 26 R.
898 2211 64 27 Eek.
1003 2243 6 5 _

144 2256 13 12 *
175 2252 302 28 MONNICKENDAM,
501 2254 9 24 1
530 2251 59 25 Jan.
608 2246 154 30 Gedurende
780 2246 46 26 het
840 2244 220 34 afgeloopenjaar

111 2288 53 32 zijn
194 2287 84 26 alhier
302 2287 113 33 geboren
450 2285 48 28 84,
533 2281 152 28 waaronder
718 2283 17 22 4
770 2278 131 27 levenloos
927 2283 116 25 aangege-

112 2328 72 22 vene,
203 2328 31 17 en
252 2319 137 27 overleden
406 2320 32 25 85
455 2323 132 26 personen,
604 2313 97 33 terwijl
716 2316 33 22 20
767 2311 157 32 huwelijken
941 2311 105 22 voltrok-

143 2383 13 13 *
174 2382 170 31 UTRECHT,
365 2385 11 24 1
396 2381 58 26 Jan.
481 2380 33 25 Al
531 2379 31 25 do
581 2376 228 27 onder-officieren
826 2381 52 18 van
891 2373 47 26 het
947 2372 48 28 7de
1005 2378 53 27 reg.

111 2415 155 33 infanterie,
293 2415 39 27 die
359 2414 30 27 de
409 2414 91 27 kursus
516 2411 35 34 bij
572 2411 48 27 den
637 2409 56 27 staf
707 2417 51 19 van
775 2406 97 35 gezegd
889 2414 71 25 reg.,
977 2405 84 26 alhier

115 2450 27 25 in
159 2450 154 31 garnizoen,
331 2448 103 26 hebben
450 2444 178 35 bijgewoond,
644 2443 93 27 zullen,
755 2443 46 24 ten
822 2440 109 32 gevolge
947 2445 50 17 van
1016 2440 45 21 het

113 2481 27 26 te
159 2470 19 38 ps
187 2483 74 30 Hage
278 2480 122 33 afgelegd
416 2486 115 21 examen,
546 2478 44 24 tot
606 2476 67 26 2den
690 2473 131 27 luitenant
841 2470 142 26 bevorderd
996 2476 50 19 wor-

115 2513 52 27 den
194 2509 176 39 (uitgenomen
389 2512 61 31 één,
468 2511 41 27 die
528 2517 50 19 aan
593 2509 47 26 het
659 2506 113 27 verlicht
791 2510 107 21 examen
915 2503 54 25 had
987 2503 58 24 deel-

118 2551 146 27 genomen).
516 2572 20 6 _
611 2572 40 5 _..

145 2580 35 14 **
206 2575 228 32 GRONINGEN,
457 2577 30 24 31
516 2572 61 26 Dec.
611 2571 40 34 Bij
678 2578 61 19 eene
764 2569 139 32 stemming
928 2572 61 20 over
1015 2574 45 19 een

110 2611 189 26 stoomgemaal
317 2617 63 18 voor
390 2609 45 25 het
448 2606 161 31 waterschap
618 2606 137 30 Hunsingo
774 2602 102 25 werden
885 2603 90 26 20,606
983 2600 63 25 stem-

110 2650 61 20 men
189 2642 184 34 uitgebracht;
393 2642 61 22 1105
472 2636 156 34 ingelanden
647 2634 172 26 verklaarden
836 2633 56 25 zich
911 2639 27 19 er
954 2637 63 20 voor
1028 2639 33 19 en

116 2680 89 26 19,501
223 2683 87 19 waren
328 2683 28 19 er
372 2674 89 32 tegen.
524 2700 15 5 _
566 2686 5 5 •
689 2700 6 5 .
880 2696 6 6 .

146 2709 13 13 *
176 2708 204 28 DEVENTER,
402 2709 8 22 1
430 2705 60 26 Jan.
524 2701 92 27 Sedert
640 2706 89 26 eenige
755 2698 84 32 dagen
865 2696 138 26 cirkuleert
1024 2696 35 32 bij

112 2739 33 27 de
170 2741 180 25 voornaamste
376 2738 169 34 ingezetenen
561 2735 27 26 te
606 2733 76 27 dezer
706 2730 72 28 stede
804 2737 47 19 een
872 2728 73 27 adres
963 2737 48 19 aan
1029 2728 31 27 de

112 2772 109 27 Tweede
239 2772 97 26 Kamer
351 2771 45 25 der
413 2767 255 30 Staten-Generaal,
689 2771 98 20 waarin
804 2763 54 25 met
875 2761 133 33 aandrang
1028 2770 33 30 op

112 2805 33 25 de
163 2802 240 33 noodzakelijkheid
428 2807 119 26 gewezen
572 2799 84 26 wordt
673 2806 41 18 om
731 2797 28 25 in
776 2796 50 25 den
842 2794 86 26 kortst
944 2794 103 32 mogelij-

113 2836 52 27 ken
182 2836 50 33 tijd
247 2844 33 19 en
296 2836 53 26 met
367 2833 31 27 de
415 2831 217 34 minstmogelijke
648 2831 125 33 uitgaven
790 2828 30 27 de
839 2826 170 33 verdediging
1017 2826 44 26 des

113 2870 76 26 lands
201 2864 132 35 'zoodanig
350 2868 26 25 te
389 2865 113 33 regelen,
519 2865 39 25 als
575 2864 30 25 de
622 2859 294 35 tijdsomstandigheden
933 2859 128 32 dringend

115 2901 136 26 vorderen.
605 2927 20 4 _
669 2926 8 8 ,
859 2924 33 9 __,
946 2922 48 8 _,
1002 2922 33 12 M

148 2936 14 30 §
181 2930 272 31 VOLLENHOVEN,
469 2933 31 25 31
519 2929 61 27 Dec.
605 2927 39 27 De
663 2926 268 32 dames-vereemging
946 2924 115 26 Tabitha

115 2966 102 31 alhier,
242 2965 48 32 die,
317 2972 65 19 naar
406 2963 41 32 wij
465 2969 145 21 vernemen,
628 2960 27 26 in
673 2959 50 27 den
741 2957 60 33 loop
819 2966 51 18 van
879 2957 46 25 het
933 2957 128 32 volgende

110 2999 64 33 jaar
197 3000 41 25 ter
262 2996 226 32 instandhouding
513 2995 78 26 harer
607 3001 46 18 zoo
676 2991 92 34 nuttig
784 2989 135 26 werkende
937 2989 124 30 bewaar-,

116 3032 69 26 brei-
210 3039 32 18 en
265 3028 163 31 naaischool,
446 3035 60 19 eene
524 3026 86 32 loterij
631 3025 39 26 zal
687 3025 66 25 doen
770 3022 87 33 plaats
874 3021 111 28 hebben,
1004 3021 43 25 ont-

115 3064 65 32 ving
204 3063 83 26 heden
313 3061 85 27 avond
415 3069 46 18 een
477 3060 97 32 hoogst
591 3064 162 26 aangenaam
769 3053 276 32 oudejaars-avond-ge-

116 3096 98 28 schenk
240 3094 142 28 bestaande
398 3094 28 26 in
451 3100 46 19 een
523 3098 58 20 zeer
598 3090 67 26 fraai
683 3086 165 35 geborduurd
865 3086 196 33 kanape-kleed,

116 3130 67 25 haar
200 3129 177 32 toegezonden
394 3126 39 25 als
449 3126 64 32 prijs
528 3124 28 25 in
572 3120 227 33 bovengenoemde
820 3120 84 32 loterij
924 3126 50 17 van
990 3125 71 26 wege

115 3161 35 27 H.
168 3159 32 27 K.
217 3161 34 26 H.
269 3159 105 27 Prinses
391 3151 125 34 Frederik
533 3156 46 26 der
596 3152 190 28 Nederlanden.
813 3152 77 33 Moge
907 3151 40 26 dit
963 3151 85 26 vorste-

117 3193 50 32 lijk
183 3193 141 26 voorbeeld
340 3200 50 18 van
409 3189 124 26 mildheid
550 3187 100 38 menige
670 3185 182 26 weldenkende
869 3191 142 24 aansporen
1020 3191 41 18 om

117 3224 34 26 de
169 3231 45 19 zoo
231 3224 125 26 heilzame
372 3222 143 33 inrichting
533 3220 53 27 met
602 3219 64 33 zijne
684 3224 84 27 gaven
785 3219 26 25 te
829 3215 181 35 begunstigen,
1022 3215 39 27 die

118 3257 60 27 hier
197 3257 138 26 voorzeker
352 3256 50 26 wèl
418 3254 130 34 geplaatst
565 3252 59 33 zijn.

152 3289 171 27 TILBURG,
354 3292 9 22 1
394 3288 59 25 Jan.
487 3287 33 25 In
542 3285 50 25 den
611 3282 84 27 avond
712 3289 51 18 van
780 3282 123 31 gisteren,
921 3282 142 24 omstreeks

117 3325 18 22 fi
159 3328 46 20 ure
230 3320 125 28 ontstond
371 3327 28 19 er
416 3318 84 27 brand
520 3317 27 26 in
566 3315 32 26 de
614 3313 100 28 fabriek
732 3321 50 18 van
800 3314 104 26 Stoom-
920 3320 31 18 on
969 3312 94 27 andere

119 3354 171 33 Werktuigen
315 3361 51 19 van
393 3352 39 26 W.
459 3351 33 25 H.
521 3348 142 28 Smilders,
689 3345 107 27 staande
820 3346 28 25 in
873 3345 31 25 de
930 3345 59 25 kom
1018 3345 45 26 der

117 3387 150 59 femeente,
285 3387 77 25 naast
387 3384 31 26 de
436 3381 161 27 Hervormde
613 3379 72 26 kerk.
711 3379 39 24 De
768 3377 84 26 brand
867 3385 61 18 nam
945 3384 47 18 een
1017 3384 45 19 zoo

139 3419 58 33 evig
214 3419 123 31 aanzien,
363 3417 46 26 dat
425 3424 47 18 een
488 3413 72 28 ieder
578 3413 53 26 met
648 3411 76 33 angst
742 3419 32 17 en
791 3409 86 27 schrik
887 3418 52 18 was
948 3409 113 27 vervuld.

117 3452 74 26 Door
217 3452 31 25 de
275 3451 120 33 spoedige
420 3449 64 32 hulp
509 3448 24 25 is
555 3454 60 19 men
633 3452 28 18 er
678 3444 115 25 evenwel
809 3443 27 26 in
853 3442 138 33 geslaagd,
1009 3442 54 26 niet

117 3484 87 25 alleen
223 3483 31 26 de
272 3482 107 26 belende
398 3481 159 34 gebouwen,
575 3484 72 19 maar
664 3476 50 26 ook
730 3482 46 19 een
793 3474 78 33 groot
885 3474 117 32 gedeelte
1013 3481 50 18 van

118 3516 33 26 de
169 3515 103 26 fabriek
289 3514 69 26 zelve
376 3514 26 24 te
419 3511 104 26 redden.
557 3510 53 26 Het
620 3508 109 34 gebouw
737 3515 53 18 was
798 3506 79 34 tegen
885 3506 178 26 brandschade

118 3547 158 31 verzekerd;
306 3547 32 24 de
364 3544 94 26 schade
482 3544 24 24 is
521 3549 58 18 zeer
596 3540 161 32 aanzienlijk.
782 3539 72 25 Door
872 3539 46 25 het
937 3537 128 26 instorten

119 3587 53 19 van
198 3588 46 18 een
270 3578 94 28 schuur
389 3576 22 27 is
435 3583 47 19 een
507 3582 110 27 persoon
641 3570 126 34 zoodanig
785 3570 141 32 getroffen,
944 3569 47 26 dat
1006 3576 58 20 men

119 3613 44 22 tot
181 3612 58 24 laat.
255 3612 25 21 in
462 3604 250 32 j_i—feetTvv—nig
733 3605 79 24 Deter.

282 3703 239 31 FELIX
566 3702 333 32 MERITIS.

149 3757 119 34 Dinsdag
292 3755 85 28 avond
393 3755 33 33 jl.
444 3755 70 27 werd
530 3755 64 28 door
609 3755 51 27 den
677 3756 63 27 heer
755 3757 31 27 A.
804 3757 87 31 Huet,
919 3758 142 32 ingenieur,

119 3791 31 26 ïn
174 3790 76 25 Felix
274 3789 103 25 Meritis
393 3789 32 25 de
443 3789 211 34 aangekondigde
673 3790 156 26 voordracht
846 3783 138 41 gehouden
1000 3798 61 19 over

116 3822 34 26 de
175 3821 182 41 Doorsnijding^
383 3829 50 18 van
458 3821 50 26 den
534 3822 74 27 Hoek
634 3831 50 17 van
710 3823 126 30 Holland,
862 3823 31 25 de
911 3824 150 32 ontworpen

116 3854 128 32 nionding
267 3862 51 17 van
343 3855 50 24 den
419 3853 116 26 nieuwen
553 3856 139 32 waterweg
709 3863 51 17 van
778 3855 154 25 Rotterdam
948 3861 65 19 naar
1030 3856 31 25 de

116 3885 143 28 Noordzee.
292 3886 70 26 Eene
387 3886 221 34 belangstellende
632 3887 116 32 menigte
772 3895 53 17 was
843 3887 158 32 opgekomen
1019 3889 43 24 tot

116 3918 143 37 bijwoning
286 3927 50 19 van
358 3919 31 27 de
407 3920 155 33 bespreking
579 3919 76 26 dezer
671 3926 63 18 voor
751 3918 148 27 Nederland
915 3919 27 26 in
961 3919 45 26 het
1023 3920 26 26 al-

117 3958 107 30 gemeen
248 3960 32 18 en
305 3960 63 19 voor
392 3952 156 27 Rotterdam
572 3952 28 25 in
624 3951 47 26 het
692 3951 132 34 bijzonder
842 3959 46 18 zoo
905 3951 96 33 hoogst
1018 3952 28 27 be-

117 3983 128 37 langrijke
262 3986 113 27 kwestie.

150 4019 40 24 De
207 4022 83 21 eerste
306 4024 89 24 vraag,
413 4016 96 26 welker
526 4016 214 32 beantwoording
758 4016 30 26 de
802 4016 104 33 spreker
918 4016 57 27 zich
986 4025 59 18 voor-

119 4042 92 39 stelde,
228 4058 54 18 was
298 4057 51 19 van
366 4048 48 27 den
432 4048 144 34 volgenden
594 4048 73 27 aard:

150 4083 57 25 Hoe
224 4084 73 25 komt
315 4090 59 17 men
391 4090 50 17 van
458 4081 154 26 Rotterdam
628 4088 65 19 naar
709 4082 64 25 zee?

152 4114 33 26 In
211 4115 31 26 de
267 4114 185 32 beschouwing
476 4122 51 18 van
552 4114 40 26 dit
608 4114 66 33 pnnt
691 4114 103 26 werden
810 4114 65 26 door
891 4114 51 26 den
957 4115 104 33 spreker

118 4153 159 28 opgenomen
304 4147 31 27 de
360 4146 188 28 verschillende
565 4148 91 32 groote
673 4148 187 32 waterwegen,
878 4155 51 18 van
945 4148 116 32 gemelde

119 4173 155 33 handelstad
291 4180 151 33 geleidende
458 4187 65 18 naar
540 4179 31 26 de
589 4179 139 26 Noordzee.

151 4212 53 26 Het
222 4205 132 33 allereerst
372 4212 84 26 kwam
474 4212 97 32 daarbij
589 4212 27 26 in
626 4211 169 33 aanmerking
803 4211 46 27 het
857 4211 133 27 Brielsche
1000 4212 59 28 Gat.

151 4244 54 27 Het
230 4245 112 27 verschil
367 4253 51 18 van
443 4244 161 27 waterstand
630 4244 123 26 tusschen
775 4244 32 26 eb
831 4252 32 18 en
885 4245 77 25 vloed
978 4246 27 25 in
1022 4246 39 25 dit

118 4278 93 30 zeegat
228 4278 22 25 is
269 4281 63 22 1.70
348 4277 58 26 ned.
424 4277 32 31 el;
475 4277 33 32 bij
527 4277 60 32 laag
604 4278 83 24 water
702 4277 22 25 is
741 4276 32 26 de
782 4277 159 26 waterstand
952 4280 67 22 2.80
1030 4278 31 31 el,

118 4310 93 25 zoooat
237 4316 27 19 er
289 4309 34 34 bij
350 4317 125 26 gewonen
498 4309 76 26 vloed
602 4316 60 19 eene
689 4309 86 33 diepte
801 4309 21 26 is
839 4316 51 19 van
915 4302 146 40 gemiddeld

119 4342 66 26 4.50
210 4342 58 26 ned.
294 4344 32 24 el.
359 4344 69 24 Deze
451 4342 158 26 waterstand
626 4342 22 26 is
665 4342 54 25 niet
737 4342 141 25 voldoende
895 4350 63 18 voor
974 4335 32 33 de
1023 4345 26 22 te-

118 4367 182 40 genwoordige
317 4374 123 26 hehoefte
457 4374 45 25 der
519 4375 91 32 groote
627 4375 84 24 vaart.
744 4374 39 25 De
801 4374 122 33 schepen,
941 4381 63 20 voor
1019 4367 43 34 die

119 4407 76 25 vaart
221 4406 131 33 bestemd,
378 4406 103 27 hebben
504 4414 71 19 meer
592 4406 129 34 diepgang
738 4406 51 26 dan
806 4406 45 26 het
869 4407 90 33 zeegat
977 4407 84 31 bezit-,

118 4435 47 27 het
181 4437 24 25 is
221 4439 122 25 mitsdien
361 4431 183 32 onvoldoende.
579 4437 116 26 Behalve
712 4439 40 25 dit
770 4440 183 31 overwegende
970 4440 92 25 nadeel

119 4467 72 27 heeft
220 4468 31 26 de
275 4470 124 33 monding
424 4478 52 26 nog
493 4469 182 39 eigenaardige
691 4470 135 26 bezwaren
843 4479 61 18 voor
922 4470 31 26 de
971 4472 91 32 vaart,

119 4506 73 20 maar
208 4501 48 27 hoe
274 4501 40 27 dit
330 4502 64 26 alles
410 4511 74 26 moge
502 4511 65 25 zgn,
589 4501 60 26 deze
667 4504 139 32 waterweg
824 4502 69 26 bezit
908 4504 46 26 het
971 4506 76 31 groot-

119 4533 122 25 voordeel
266 4534 84 25 boven
376 4535 31 24 de
432 4535 119 32 overige,
578 4534 46 25 dat
648 4534 35 33 hij
710 4535 76 32 langs
803 4534 48 25 den
869 4537 118 25 kortsten
1005 4544 57 26 weg

118 4570 52 20 aan
194 4565 155 27 Rotterdam
374 4566 50 26 den
448 4567 116 34 toegang
586 4573 65 20 naar
676 4574 44 18 zee
745 4566 138 32 verschaft,
902 4567 93 27 zoodat
1012 4577 50 19 aan

120 4596 63 27 hem
207 4598 31 24 de
254 4599 128 24 voorkeur
399 4607 46 15 zou
462 4602 104 22 moeten
582 4599 165 32 geschonken
765 4599 104 25 worden
887 4600 83 26 boven
987 4602 26 25 al
1031 4602 31 24 de

124 4629 104 31 andere,
244 4629 89 26 indien
348 4629 56 26 niet
420 4630 65 32 zijne
503 4630 86 34 diepte
606 4638 47 18 zoo
669 4631 94 34 gering
778 4638 60 18 was.

152 4658 54 28 Een
230 4661 98 27 tweede
358 4663 138 33 waterweg
526 4671 64 18 naar
614 4671 43 18 zee
681 4664 77 26 vindt
783 4663 156 27 Rotterdam
964 4664 27 26 in
1015 4665 47 26 het

120 4693 162 26 Goereesche
299 4694 61 25 Gat.

151 4724 54 25 Het
229 4724 112 25 verschil
366 4724 27 26 in
417 4727 159 26 waterstand
601 4727 124 27 tusschen
742 4727 32 27 eb
791 4735 33 19 en
841 4727 76 26 vloed
933 4727 129 37 bedraagt

117 4755 60 28 hier
201 4759 67 25 2.10
285 4755 64 27 Ned.
367 4755 32 31 el,
417 4759 30 26 de
464 4759 86 33 diepte
568 4760 116 26 beneden
700 4761 47 25 het
764 4761 61 31 laag
842 4762 133 31 waterpeil
993 4765 70 22 moet

118 4788 132 34 gerekend
276 4788 103 26 worden
403 4791 26 24 te
456 4792 50 32 zijn
523 4794 65 24 5.20
605 4792 64 26 Ned.
697 4792 32 26 el.
764 4792 79 26 Heeft
860 4792 40 26 dit
917 4794 53 25 Gat
987 4794 76 33 eenig

117 4821 123 27 voordeel
263 4820 85 26 boven
365 4820 47 26 het
428 4825 224 32 eerstgenoemde,
677 4825 47 26 het
739 4825 60 33 lijdt
817 4834 48 17 aan
882 4825 51 26 den
948 4826 113 26 anderen

116 4854 69 27 kant
211 4861 51 18 aan
286 4853 145 32 bijzondere
455 4856 148 30 bezwaren,
627 4858 53 25 wat
706 4857 31 26 de
757 4852 78 31 'vaart
850 4858 41 25 uit
908 4858 155 27 Rotterdam

118 4886 113 31 betreft,
254 4885 63 26 door
334 4886 118 31 grootere
468 4887 229 34 moeielijkheden,
713 4890 85 26 welke
814 4890 47 26 het
876 4890 124 27 aanbiedt
1017 4891 31 27 bo-

117 4928 52 20 ven
185 4919 51 27 den
253 4916 248 30 eerstbehandelden
517 4928 72 26 weg,
617 4920 135 27 nithoofde
769 4931 50 17 van
837 4923 46 26 het
901 4923 91 34 langer
1007 4926 43 24 tra-

112 4954 70 34 jekt,
200 4954 46 25 dat
263 4952 64 25 door
343 4950 118 34 schepen,
478 4959 51 17 van
547 4954 152 27 Rotterdam
715 4955 149 33 uitgaande,
876 4958 71 24 moet
958 4957 104 26 worden

117 4985 139 34 afgelegd,
275 4984 118 26 alvorens
411 4982 30 33 zij
458 4982 28 26 in
503 4991 43 18 zee
563 4985 104 26 kunnen
683 4988 99 25 steken.
816 4988 38 26 De
872 4981 111 40 schepen
1000 4990 61 25 toch

117 5027 53 19 van
198 5013 41 32 die
256 5016 126 38 monding
406 5015 27 26 in
451 5022 43 19 zee
511 5015 110 34 gebruik
638 5019 118 26 willende
774 5020 102 31 maken,
893 5022 103 25 moeten
1013 5013 48 34 den

115 5052 98 33 langen
230 5057 100 25 omweg
348 5049 91 26 kiezen
463 5048 99 33 voorbij
580 5049 154 31 Dordrecht,
752 5060 70 18 waar
837 5053 32 37 zij
888 5053 31 26 de
935 5044 126 41 volgende

116 5083 172 34 hinderpalen
305 5083 167 28 ontmoeten,
495 5081 122 34 namelijk
635 5081 32 26 de
683 5078 138 40 ondiepten
837 5079 35 39 bij
892 5085 31 27 de
941 5085 72 33 plaat
1030 5085 32 27 de

116 5117 70 27 Beer
210 5125 32 19 en
268 5117 34 34 bij
328 5115 33 26 de
390 5114 96 31 Lindt,
511 5114 98 27 alwaar
626 5115 35 34 bij
679 5115 60 34 laag
756 5118 81 26 water
852 5109 57 34 niet
924 5126 71 19 meer
1011 5119 51 27 dan

116 5152 69 25 2.60
200 5150 65 26 Ned.
283 5144 25 31 él
318 5146 169 34 waterdiepte
504 5148 84 25 wordt
605 5150 185 31 aangetroffen.
808 5151 116 25 Stonden
941 5151 50 26 alle
1007 5160 37 17 om-

115 5181 193 34 standigheden
324 5187 64 19 voor
404 5180 46 26 het
469 5180 104 32 overige
589 5180 96 34 gelijk,
702 5180 51 27 dan
770 5189 47 19 zou
835 5181 31 27 de
882 5183 105 34 langere
1006 5191 57 27 weg

117 5213 77 34 langs
219 5215 59 25 dien
302 5215 65 25 kant
389 5215 57 24 niet
462 5213 60 25 zulk
542 5213 129 33 bijzonder
687 5216 78 31 groot
781 5215 92 26 nadeel
889 5218 172 25 veroorzaken

117 5254 63 20 voor
198 5246 31 25 de
247 5248 76 25 vaart
333 5255 48 17 van
392 5254 60 17 eene
471 5245 155 27 handelstad
643 5246 39 25 als
693 5246 162 30 Rotterdam,
868 5248 46 26 dat
925 5248 63 27 door
998 5250 63 32 zijne

117 5278 182 26 uitmuntende
334 5278 333 25 kommunikatiemiddelen
693 5281 54 24 met
776 5280 46 26 het
847 5280 159 27 binnenland
1030 5290 33 17 en

117 5311 56 26 met
197 5310 175 27 Duitschland
390 5320 31 17 en
439 5310 46 26 het
502 5310 91 26 verder
611 5311 167 32 verwijderde
794 5313 117 30 gedeelte
928 5321 51 19 van
996 5314 50 26 mid-

117 5342 163 34 del-Europa
296 5350 46 18 zoo
360 5343 34 31 bij
413 5343 98 25 uitstek
529 5343 107 32 gunstig
653 5350 63 18 voor
732 5343 48 25 den
798 5344 96 26 handel
911 5344 22 26 is
946 5346 116 33 gelegen.

118 5373 76 27 Maar
211 5376 50 26 ook
278 5375 61 26 deze
356 5374 106 33 langere
480 5383 58 25 weg
554 5375 98 30 geleidt
669 5375 97 27 slechts
782 5385 65 18 naar
863 5385 47 19 een
919 5385 31 26 ge
954 5379 109 32 orekkig

118 5408 99 32 zeegat.
252 5408 117 32 Schepen
392 5408 53 25 met
472 5415 45 18 een
543 5401 130 40 diepgang
698 5417 50 18 van
765 5417 70 18 meer
850 5409 52 26 dan
919 5413 17 22 5
951 5401 57 34 ned.
1026 5411 37 31 el,

118 5439 52 37 zijn
188 5440 122 26 derhalve
328 5439 129 30 verplicht
474 5447 61 18 eene
553 5440 102 33 diepere
671 5440 125 34 monding
811 5443 26 24 te
855 5443 104 30 zoeken,
976 5433 87 35 willen

118 5470 34 33 zij
171 5470 30 26 de
219 5465 170 40 gelegenheid
413 5471 103 26 hebben
533 5472 96 26 binnen
646 5474 27 24 te
690 5473 94 25 vallen.
819 5473 48 27 Die
883 5476 111 32 schepen
1012 5476 51 33 zijn

118 5502 123 26 derhalve
250 5504 161 31 gedwongen
419 5511 46 18 een
477 5504 79 25 ander
566 5505 91 32 zeegat
674 5506 26 24 te
717 5505 144 33 gebruiken
878 5515 33 18 en
928 5515 63 18 voor
1002 5507 60 26 deze

119 5533 73 27 soort
210 5535 69 26 staat
295 5535 85 27 alleen
397 5543 52 26 nog
465 5542 78 28 open:

155 5565 47 25 het
215 5565 279 28 Brouwershavensche
513 5569 60 25 Gat.

156 5597 54 24 Het
234 5598 111 25 verschil
373 5600 26 24 in
424 5601 177 32 waterhoogte
626 5601 122 26 tusschen
774 5601 32 26 de
823 5602 32 25 eb
872 5610 32 18 en
922 5603 48 26 den
987 5603 76 26 vloed

120 5627 130 33 bedraagt
267 5628 27 26 in
311 5629 45 26 het
372 5629 280 30 Brouwershavensche
670 5634 53 26 Gat
739 5636 66 25 2.80
822 5634 58 27 ned.
891 5636 37 31 el;
937 5636 31 26 de
978 5636 85 33 diepte

120 5660 66 25 daar
204 5661 142 31 verkregen
363 5662 33 32 bij
415 5665 69 31 hoog
501 5667 81 22 water
598 5665 22 25 is
640 5668 79 22 11.80
735 5666 58 25 ned.
810 5667 31 28 el,
850 5668 94 25 zoodat
952 5669 111 32 schepen

122 5699 53 17 van
198 5693 18 22 8
241 5691 25 25 el
289 5691 129 35 diepgang
442 5695 27 25 in
494 5695 46 26 het
566 5696 57 25 hier
647 5696 122 26 bedoelde
787 5699 54 27 Gat
857 5700 94 26 zonder
969 5701 94 26 hinder

120 5722 194 28 binnenvallen.
356 5726 71 25 Bood
452 5727 31 25 de
508 5728 113 32 gansche
647 5732 138 31 waterweg
811 5731 77 35 langs
913 5733 59 26 dien
998 5734 65 26 kant

119 5763 65 19 eene
201 5754 93 33 gelijke
311 5756 86 33 diepte
413 5766 51 17 aan
481 5766 51 18 van
550 5764 30 22 10
596 5760 57 26 ned.
672 5761 31 30 el,
720 5761 52 26 dan
789 5770 48 18 zou
854 5763 31 26 de
902 5765 89 33 lengte
1009 5773 53 18 van

119 5787 64 26 dien
191 5793 57 26 weg
257 5787 48 25 ook
322 5787 57 25 hier
400 5791 142 32 natuurlijk
559 5799 65 27 geen
640 5793 168 33 overwegend
824 5793 118 30 bezwaar
958 5798 91 26 aanbie-

119 5820 67 31 den,
197 5826 73 19 maar
279 5819 136 33 onderweg
431 5823 116 25 ontmoet
562 5832 59 17 men
638 5825 133 26 bezwaren
788 5835 51 18 van
856 5830 128 32 ernstiger
991 5831 71 30 aard,

117 5854 86 27 •welke
216 5851 46 26 het
279 5851 126 28 voordeel,
415 5861 50 17 aan
472 5854 32 24 de
515 5857 117 27 grootere
643 5856 84 32 diepte
739 5864 53 19 van
804 5858 39 25 dit
854 5863 91 27 zeegat
954 5862 92 25 verbon-

118 5887 61 30 den,
197 5890 63 20 voor
276 5891 46 18 een
331 5884 77 32 groot
415 5884 118 32 gedeelte
549 5885 65 25 doen
632 5888 137 26 vervallen.
785 5890 47 26 Als
848 5891 126 33 zoodanig
990 5894 73 26 komt

118 5920 30 26 in
167 5916 170 33 aanmerking
354 5916 31 25 de
403 5916 120 32 ondiepte
541 5923 48 19 van
607 5917 46 25 het
669 5919 124 33 Hellegat
811 5921 33 32 bij
857 5923 203 33 Ooltgensplaat,

117 5952 102 28 alwaar
236 5949 34 34 bij
289 5949 70 33 hoog
374 5949 83 25 water
474 5948 94 33 weinig
583 5956 71 18 meer
671 5949 51 26 dan
738 5955 17 21 5
771 5952 24 25 el
811 5953 85 33 diepte
909 5956 83 26 wordt
1000 5965 47 18 aan-

117 5983 139 64 fetroffen.
291 5982 48 27 Als
364 5981 94 34 gevolg
484 5981 106 26 hiervan
615 5982 100 26 moeten
743 5982 30 26 de
793 5983 32 32 bij
844 5986 217 28 Brouwershaven

139 6018 197 35 innengevallen
361 6015 112 33 schepen
498 6014 33 25 de
559 6014 176 32 aangevoerde
759 6015 152 32 koopwaren
938 6027 61 17 voor
1016 6028 46 18 een

116 6053 122 59 fedeelte
262 6052 27 27 in
307 6051 110 28 lichters
433 6046 155 33 overladen,
606 6047 45 25 ten
669 6046 73 27 einde
759 6046 60 27 deze
837 6047 31 26 de
885 6048 85 33 plaats
987 6052 76 27 harer

138 6086 152 33 estemming
315 6086 27 25 te
369 6085 65 26 doen
459 6080 141 30 bereiken,
626 6087 61 18 eene
705 6079 189 32 moeielijkheid
911 6083 81 24 welke
1007 6085 56 24 niet

117 6118 84 27 nader
217 6118 163 33 uiteengezet
398 6115 107 30 behoeft
522 6113 27 27 te
566 6111 113 27 worden.

152 6151 39 26 De
219 6150 150 30 bezwaren,
393 6150 148 27 verbonden
559 6155 50 20 aan
627 6145 50 26 den
694 6151 58 20 wee
768 6144 76 33 langs
860 6144 48 27 den
926 6145 87 26 Noord
1031 6155 32 17 en

115 6183 53 26 den
185 6190 58 24 weg
260 6183 63 25 door
340 6184 46 24 het
403 6184 64 32 Spui
483 6190 64 18 naar
559 6182 46 28 het
617 6175 159 33 Goereesche
789 6177 61 30 Gat,
860 6177 103 26 werden
974 6177 89 34 hierop

116 6215 175 31 aangetoond,
309 6223 32 17 en
359 6215 103 26 daaruit
481 6216 83 28 bleek,
593 6215 46 26 dat
657 6213 51 27 ook
725 6210 41 27 die
785 6210 141 32 waterweg
941 6210 56 26 niet
1013 6219 50 18 aan

113 6246 35 26 de
167 6247 208 31 tegenwoordige
392 6248 103 25 eischen
513 6248 46 25 der
575 6248 171 32 scheepvaart
764 6246 50 26 kon
834 6242 209 27 beantwoorden.

150 6272 87 30 Wilde
262 6285 58 17 men
346 6278 109 31 gebruik
477 6281 93 24 maken
588 6288 51 19 van
658 6282 44 25 net
719 6276 151 32 Voornsche
888 6275 111 32 kanaal,
1017 6276 45 25 ten

113 6308 79 26 einde
209 6308 35 32 bij
263 6308 201 26 Hellevotitsluis
480 6311 26 25 in
524 6319 41 18 zee
583 6314 26 24 te
633 6314 107 31 komen,
768 6313 51 27 dan
836 6311 53 28 had
906 6318 76 22 men,
1000 6317 63 19 voor

115 6347 116 25 Benepen
246 6347 51 18 van
312 6340 56 25 niet
384 6340 25 26 al
425 6343 27 24 te
469 6346 107 27 grooten
593 6345 144 34 diepgang,
755 6347 50 26 den
816 6347 81 26 meest
908 6343 154 37 geschikten

115 6379 63 25 ■weg
194 6377 67 19 naar
282 6378 50 18 zee.

150 6403 156 27 Rotterdam
331 6402 72 25 heeft
425 6402 122 27 derhalve
565 6405 32 25 de
613 6406 78 26 keuze
707 6410 123 27 tusschen
846 6412 56 26 drie
918 6410 142 34 zeegaten,

115 6437 86 26 ■welke
219 6436 76 30 langs
312 6433 187 26 verschillende
517 6444 87 21 wegen
622 6438 103 26 kunnen
744 6442 99 26 bereikt
859 6445 112 25 worden.
996 6444 63 26 Men

115 6468 159 30 ondervindt
283 6467 91 28 echter
381 6465 142 33 hetgroote
531 6467 99 33 nadeel,
640 6468 45 26 dat
694 6470 39 25 die
751 6474 169 37 waterwegen
930 6477 50 33 zijn
996 6477 64 33 lang

113 6513 35 18 en
167 6502 174 34 omslachtig,
358 6509 64 19 voor
438 6508 120 19 zooverre
575 6501 31 32 zij
625 6501 118 33 geleiden
761 6511 64 18 naar
842 6507 46 25 het
899 6510 159 26 Goereesche

115 6544 35 18 en
175 6537 46 25 het
247 6535 285 27 Brouwershavensche
557 6534 69 28 Gat,
653 6534 93 32 terwijl
771 6535 30 24 de
819 6536 99 26 kortste
935 6548 57 25 weg
1007 6549 51 19 van

113 6561 157 34 Rotterdam
296 6575 65 20 naar
385 6576 43 19 zee
446 6568 45 27 het
507 6566 93 30 nadeel
617 6565 84 33 bezit,
728 6566 46 27 dat
791 6566 33 34 hij
844 6575 45 19 een
907 6572 151 32 geringeren

116 6601 135 33 diepgang
266 6602 72 25 heeft
356 6602 52 26 dan
424 6602 31 25 de
474 6601 74 27 beide
566 6600 103 27 andere.

150 6631 41 27 De
208 6634 142 30 bezwaren,
369 6634 83 27 welke
470 6634 154 26 Rotterdam
641 6634 117 26 ontmoet
775 6640 41 19 om
833 6632 54 27 met
904 6633 65 33 zijne
985 6634 59 26 sche-

112 6672 52 27 pen
182 6664 31 26 de
231 6673 63 26 open
312 6674 44 19 zee
372 6669 26 25 te
417 6667 129 32 bereiken,
565 6667 71 27 heeft
653 6676 58 19 men
728 6666 73 28 reeds
819 6673 64 19 voor
896 6666 96 33 langen
1009 6666 50 33 tijd

112 6698 125 34 gevoeld;
263 6699 39 26 dit
320 6700 72 25 heeft
409 6702 84 37 geleid
510 6703 40 24 tot
568 6693 46 33 het
632 6703 149 32 ontwerpen
798 6709 50 19 van
868 6693 189 33 verschillende

107 6731 117 33 plannen
241 6738 41 18 ora
299 6732 41 25 die
357 6732 214 33 moeielijkheden
589 6738 58 26 weg
664 6733 26 25 te
707 6742 98 22 nemen,
824 6742 33 20 en
875 6733 38 27 als
931 6732 126 35 zoodanig

106 6771 64 27 jnag
194 6771 46 19 een
266 6763 76 27 elftal
367 6764 111 34 plannen
506 6765 26 27 in
559 6765 171 33 aanmerking
752 6769 98 26 komen.
886 6769 58 27 Van
961 6768 32 28 de
1012 6768 28 28 be-

1085 132 152 41 langrijkste
1264 133 56 32 dier
1344 133 150 37 ontwerpen
1519 132 70 30 werd
1615 132 63 28 door
1700 132 50 27 den
1773 132 105 34 spreker
1903 138 47 21 een
1965 132 61 27 kort

1087 169 133 27 overzicht
1237 176 123 26 gegeven.

1120 200 46 28 Als
1191 200 126 37 zoodanig
1341 198 76 31 komt
1440 197 28 30 in
1493 197 31 28 de
1550 198 83 27 eerste
1649 196 85 38 plaats
1750 196 28 28 in
1795 196 168 35 aanmerking
1981 196 46 27 het

1087 234 124 33 Ontwerp,
1227 234 124 33 gemaakt
1368 233 64 26 door
1447 230 137 31 Cruquius.
1604 231 44 32 Hrj
1667 229 80 28 stelde
1765 234 63 21 voor
1844 229 31 26 de
1903 227 112 32 doorsnij-

1088 265 63 34 ding
1167 273 51 19 van
1234 266 51 26 den
1302 265 76 26 Hoek
1394 270 52 19 van
1463 262 120 30 Holland,
1611 270 32 19 en
1659 261 105 27 maakte
1782 261 50 33 zijn
1847 260 63 34 plan
1926 257 103 28 bekend

1087 298 46 26 ten
1147 298 57 34 jare
1225 300 70 26 1739.
1328 296 37 26 Te
1381 295 176 33 bejammeren
1571 295 24 26 is
1619 295 54 30 het,
1689 294 46 25 dat
1756 292 210 33 dienaangaande
1984 296 45 19 zoo

1088 330 96 33 weinig
1191 328 103 27 bekend
1302 328 30 31 is,
1341 327 123 33 namelijk
1473 335 60 17 eene
1544 327 87 28 kaart,
1642 333 104 25 waarop
1762 325 96 26 slechts
1867 325 53 24 met
1929 322 86 33 gestip-

1087 361 76 34 pelde
1187 361 80 33 lijnen
1284 360 31 27 de
1332 359 117 34 richting
1466 358 45 27 der
1528 358 61 28 door
1609 359 59 26 hem
1685 359 151 32 ontworpen
1853 354 178 33 doorsnijding

1088 394 84 26 wordt
1200 397 177 30 aangewezen.
1413 391 175 34 Opmerkelijk
1615 391 71 33 blijft
1709 391 47 25 het
1773 389 28 26 in
1818 389 44 26 elk
1877 387 91 33 geval,
1985 385 46 26 dat

1088 426 38 33 hij
1144 425 105 34 destijds
1267 425 72 26 heeft
1356 423 146 34 aangeduid
1519 423 51 27 den
1586 428 71 30 weg,
1675 420 83 27 welke
1774 422 86 30 thans,
1877 426 34 19 na
1928 418 105 33 verloop

1089 464 51 21 van
1165 456 105 28 zooveel
1292 455 65 34 tijd,
1382 456 84 26 wordt
1492 455 154 33 ingeslagen
1670 462 43 19 om
1736 452 156 26 Rotterdam
1917 457 51 20 van
1985 457 47 18 een

1091 489 99 35 goeden
1208 494 57 30 weg
1283 494 64 21 naar
1364 494 43 21 zeo
1423 489 27 25 to
1467 487 129 28 voorzien.

1123 529 56 21 _«a
1195 520 99 30 tweede
1311 519 96 31 middel
1424 521 40 27 tot
1482 519 165 33 verbetering
1662 517 24 27 is
1704 516 112 34 geweest
1831 515 47 27 het
1891 519 12 21 v
1912 514 120 27 orensche

1090 553 111 31 kanaal,
1219 560 129 26 gegraven
1365 560 51 20 van
1439 553 174 28 1827—1829,
1630 557 32 22 op
1678 547 113 30 voorstel
1808 554 51 20 van
1876 547 51 26 den
1942 547 92 26 schout

1091 585 34 34 bij
1146 579 80 34 nacht
1248 586 69 33 May.
1351 583 69 28 Deze
1437 585 139 31 waterweg
1602 579 72 31 heeft
1698 580 90 28 echter
1812 586 64 27 zvjne
1903 583 118 27 eigenaar-

1093 618 59 33 dige
1168 617 141 27 bezwaren.
1328 615 115 28 Behalve
1452 615 46 27 dat
1511 615 39 27 dit
1561 614 98 27 kanaal
1675 612 97 28 slechts
1788 619 60 19 eene
1866 618 45 20 zoo
1928 617 106 26 geringe

1093 648 105 28 breedte
1215 648 76 33 bezit,
1310 648 92 27 zoodat
1419 647 58 27 hier
1485 656 32 19 en
1526 647 63 27 daar
1597 645 185 33 verwiidingen
1791 643 52 32 zijn
1850 643 184 33 aangebracht,

1094 690 41 19 om
1153 681 31 26 de
1201 681 126 33 schepen,
1344 689 52 19 van
1413 680 40 27 dit
1469 679 96 28 kanaal
1583 677 111 34 gebruik
1709 673 141 34 makende,
1869 674 30 27 de
1916 674 105 33 gelegen-

1093 713 61 26 heid
1170 713 27 26 te
1214 720 81 25 geven
1313 712 123 27 elkander
1453 713 26 25 te
1498 717 150 30 passeeren,
1667 723 31 5 —
1714 717 47 19 een
1794 713 57 20 zeer
1884 707 76 32 groot
1993 706 28 27 be-

1094 752 84 20 zwaar
1205 745 34 33 bij
1267 745 99 27 drukke
1382 746 92 28 vaart,
1492 759 32 4 —
1537 744 104 26 leveren
1667 741 89 27 vooral
1782 739 31 26 de
1831 739 97 26 sluizen
1945 739 90 33 groote

1094 778 124 26 nadeelen
1235 785 39 26 op.
1309 778 39 26 De
1374 776 162 33 afmetingen
1563 774 52 34 zijn
1633 776 65 25 5.15
1716 772 65 26 Ned.
1804 772 25 26 el
1853 772 94 34 diepte,
1968 775 28 24 14
2013 772 24 26 el

1094 809 106 28 breedte
1218 819 32 18 en
1266 813 30 26 71
1315 810 25 27 el
1356 809 104 38 lengte,
1478 808 83 27 welke
1577 807 97 26 laatste
1691 806 128 32 afmeting
1835 814 47 18 een
1899 806 76 33 groot
1993 813 28 25 ge-

1094 843 65 26 brek
1182 834 60 35 doet
1269 843 122 26 ontstaan
1409 841 33 32 bij
1461 840 32 27 de
1518 837 208 35 tegenwoordige
1742 837 89 33 lengte
1857 837 45 26 der
1917 837 118 33 schepen.

1094 875 61 26 Men
1180 875 72 26 heeft
1279 875 47 27 het
1351 873 113 27 voorstel
1489 872 100 34 gedaan
1615 870 31 27 de
1674 870 98 27 sluizen
1787 874 27 22 te
1831 870 156 31 verlengen,
2006 869 31 26 de

1095 907 85 34 diepte
1198 908 26 25 te
1241 907 194 26 vermeerderen
1452 898 64 33 door
1532 905 47 25 het
1596 904 136 34 ophouden
1747 911 52 18 van
1815 902 46 26 het
1878 902 97 28 water,
2000 901 35 33 bij

1094 931 51 35 den
1153 931 84 40 vloed,
1245 941 54 24 met
1315 943 67 27 1.70,
1394 938 104 38 waarbij
1511 938 52 26 dan
1579 946 61 18 eene
1650 937 84 33 diepte
1744 944 46 18 zou
1808 935 105 26 worden
1929 933 92 26 verkre-

1095 981 51 25 gen
1163 981 50 18 van
1231 977 65 22 6.85
1313 973 31 25 el.
1378 973 76 24 Maar
1472 971 91 32 hierbij
1573 971 116 24 ontmoet
1697 977 59 18 men
1773 969 99 25 nieuwe
1890 969 146 24 bezwaren:

1095 1006 130 25 vooreerst
1243 1013 46 18 zou
1307 1012 60 18 men
1383 1003 128 26 daardoor
1528 1003 97 26 slechts
1642 1010 60 17 eene
1720 1000 178 33 gedeeltelijke
1915 998 107 26 verbete-

1094 1039 61 33 ring
1172 1046 51 18 van
1240 1039 48 24 den
1306 1039 139 30 waterweg
1463 1037 138 31 erlangen,
1628 1036 71 24 want
1723 1035 51 25 dan
1792 1033 69 31 blijft
1877 1039 52 28 no«j
1946 1031 30 25 de
1994 1038 31 26 ge-

1095 1072 103 32 ringere
1215 1071 86 32 diepte
1319 1077 51 17 van
1387 1069 47 25 het
1452 1068 157 26 Goereesche
1628 1068 70 31 Gat;
1713 1068 46 25 ten
1785 1062 93 30 andere
1903 1062 72 28 dient
1991 1062 47 28 het

1095 1103 96 26 kanaal
1207 1103 57 25 niet
1289 1102 98 25 slechts
1402 1108 63 18 voor
1482 1100 30 25 de
1531 1100 183 32 scheepvaart.
1731 1106 72 19 maar
1821 1100 87 24 tevens
1926 1097 38 26 als
1981 1096 43 26 uit-

1096 1134 236 30 wateringskanaal
1349 1141 63 18 voor
1428 1133 31 25 de
1476 1131 163 33 omliggende
1656 1124 109 40 polders.
1799 1131 84 26 Wilde
1902 1137 59 19 men
1978 1129 60 25 dien

1096 1175 57 26 weg
1169 1166 110 31 inslaan,
1296 1166 52 26 dan
1365 1174 47 18 zou
1429 1173 47 19 een
1493 1165 168 35 afzonderlijk
1677 1162 276 34 uitwateringskanaal
1970 1168 52 18 moe-

1096 1201 46 25 ten
1159 1207 131 25 gegraven
1307 1198 111 26 worden.
1433 1221 6 6 .

1129 1232 159 33 Vervolgens
1313 1231 73 26 komt
1411 1231 27 26 in
1463 1231 171 33 aanmerking
1658 1231 46 25 het
1729 1230 61 33 plan
1814 1228 43 25 tot
1872 1226 167 30 verbetering

1095 1273 52 18 van
1165 1265 46 25 het
1228 1264 158 27 Goereesche
1403 1264 69 31 Gat,
1498 1265 53 24 met
1576 1264 46 26 het
1646 1264 144 31 aanleggen
1808 1269 50 17 van
1876 1267 46 17 een
1942 1256 96 27 kanaal

1096 1297 63 26 door
1175 1297 46 25 het
1237 1297 86 25 eiland
1341 1296 215 31 Over-Flakkee,
1581 1294 124 28 beraamd
1722 1294 63 25 door
1802 1292 48 26 den
1867 1292 63 26 heer
1948 1290 91 26 Twent

1095 1331 28 25 in
1144 1333 73 26 1855,
1244 1338 32 17 en
1300 1337 47 18 een
1372 1329 67 26 later
1457 1330 115 32 ontwerp
1589 1337 52 17 van
1656 1326 86 33 wijlen
1760 1326 50 25 den
1826 1326 63 25 heer
1905 1324 30 25 de
1954 1324 84 26 Greve

1095 1363 27 25 in
1143 1365 69 27 1857,
1230 1362 41 25 tot
1287 1361 164 34 verbetering
1468 1370 50 18 van
1535 1362 46 24 het
1592 1359 157 26 Goereesche
1765 1358 59 27 Gat.
1857 1357 117 25 Daartoe
1984 1362 53 18 was

1095 1396 150 32 ontworpen
1270 1394 46 27 het
1341 1395 144 32 aanleggen
1502 1401 51 18 van
1570 1393 118 25 dammen
1706 1391 26 25 in
1749 1398 58 21 zee,
1824 1390 43 25 ter
1881 1389 87 32 lengte
1987 1395 51 18 van

1098 1430 86 28 18,000
1201 1428 32 26 el.
1261 1427 39 27 De
1318 1428 141 30 bezwaren,
1478 1434 50 18 aan
1545 1424 39 26 dit
1602 1424 70 26 werk
1688 1423 156 30 verbonden,
1860 1421 103 27 werden
1975 1420 64 27 door

1095 1450 51 37 den
1162 1461 105 32 spreker
1284 1460 27 25 in
1328 1460 46 25 het
1391 1457 93 26 breede
1502 1466 176 25 aangewezen.

1128 1493 70 26 Eene
1209 1492 73 25 beter
1291 1492 80 25 keuze
1389 1491 70 26 werd
1475 1489 100 34 gedaan
1593 1489 63 26 door
1672 1488 46 26 het
1735 1487 93 26 maken
1846 1494 50 18 van
1913 1493 46 18 een
1976 1485 61 32 plan

1094 1526 43 25 tot
1159 1525 168 33 verbetering
1351 1532 50 18 van
1426 1524 51 25 den
1500 1522 119 26 kortsten
1644 1522 139 31 waterweg
1808 1527 51 17 van
1880 1515 155 28 Rotterdam

1094 1565 65 18 naar
1174 1566 44 17 zee
1237 1558 63 25 door
1316 1557 86 33 wijlen
1420 1556 48 26 den
1486 1557 61 25 heer
1564 1556 32 25 de
1622 1554 92 30 Greve,
1741 1554 151 40 ontworpen
1919 1551 28 25 in
1977 1553 57 21 1851

1094 1598 33 19 en
1143 1589 137 27 verbeterd
1297 1598 31 18 en
1346 1587 136 38 gewijzigd
1498 1587 65 26 door
1596 1587 50 26 den
1669 1586 64 26 heer
1757 1585 27 26 P.
1804 1581 100 30 Caland
1920 1583 27 26 in
1968 1585 69 24 1856.

1094 1624 38 31 Zij
1146 1623 99 25 stelden
1270 1630 63 17 voor
1348 1620 47 26 het
1411 1620 132 26 Brielsche
1561 1620 53 25 Gat
1631 1619 27 24 in
1683 1618 158 28 zoodanigen
1865 1615 122 25 toestand
2009 1615 28 25 te

1096 1655 122 32 brengen,
1237 1654 46 26 dat
1299 1654 46 26 het
1362 1661 50 18 aan
1429 1652 31 26 de
1476 1651 141 27 bestaande
1635 1649 139 27 behoeften
1791 1646 52 26 kon
1863 1646 116 26 voldoen.

1127 1688 38 25 Do
1188 1687 105 33 spreker
1318 1685 59 26 trad
1395 1694 34 18 nu
1447 1685 27 25 in
1492 1693 61 18 eene
1571 1682 143 32 uitvoerige
1739 1678 183 33 beschouwing
1939 1685 48 18 van
2007 1678 31 24 «Ie

1095 1720 65 26 oude
1178 1728 33 17 en
1227 1719 31 26 de
1274 1719 99 26 nieuwe
1391 1717 109 30 theorie,
1518 1724 43 18 om
1576 1715 111 26 rivieren
1704 1722 33 25 op
1754 1713 31 25 de
1798 1711 143 26 vereischte
1952 1710 85 32 diepte

1095 1753 27 25 te
1139 1752 103 26 houden
1258 1752 57 25 niet
1330 1750 104 30 slechts,
1461 1756 72 19 maar
1558 1757 43 17 om
1617 1756 28 17 ze
1663 1747 63 25 door
1743 1744 30 26 de
1791 1753 44 17 zee
1852 1744 38 25 als
1907 1743 46 25 het
1970 1749 67 17 ware

1095 1786 27 24 te
1139 1783 65 26 doen
1221 1783 132 32 uitdiepen
1371 1783 63 25 door
1450 1782 47 25 het
1514 1779 194 27 vermeerderen
1726 1776 46 26 der
1787 1776 124 32 schuring
1928 1782 50 18 van
1993 1775 46 24 het

1095 1818 90 25 water.
1211 1815 115 33 Vroeger
1342 1822 52 19 was
1410 1822 60 19 men
1486 1814 135 33 algemeen
1637 1820 50 17 van
1704 1809 131 34 gevoelen,
1852 1808 46 26 dat
1912 1808 30 26 do
1951 1808 84 30 rivier,

1096 1848 40 26 die
1153 1856 60 19 men
1227 1847 58 34 diep
1303 1848 130 26 wenschte
1449 1848 26 25 te
1493 1846 111 28 houden,
1622 1853 50 18 aan
1688 1843 32 26 de
1737 1843 124 32 monding
1877 1841 83 26 moest
1974 1848 48 18 wor-

1096 1881 50 26 den
1170 1880 151 31 vernauwd;
1348 1881 31 24 de
1396 1880 99 25 nieuwe
1512 1879 99 25 theorie
1629 1878 175 30 daarentegen
1824 1876 81 28 leert,
1931 1874 46 24 dat
2001 1873 35 30 bij

1096 1913 120 30 rivieren,
1233 1912 28 26 in
1279 1912 61 26 wier
1357 1911 78 26 mond
1452 1910 77 27 vloed
1545 1918 32 18 en
1594 1909 32 26 eb
1644 1909 143 26 werkzaam
1804 1907 61 31 zijn,
1883 1906 46 24 het
1946 1910 72 24 omge-

1100 1945 93 26 keerde
1211 1945 46 26 het
1274 1945 76 33 geval
1374 1944 111 25 behoort
1509 1944 27 22 te
1570 1950 93 17 wezen.
1698 1939 57 24 Van
1781 1939 46 22 het
1853 1937 184 31 eerstgomelde

1096 1978 124 34 gevoelen
1237 1985 53 18 was
1307 1975 31 27 de
1354 1976 54 26 leer
1426 1975 31 26 de
1483 1975 99 31 Greve;
1600 1972 31 26 de
1648 1969 219 31 laatstbedoelde,
1884 1968 31 26 de
1928 1969 110 33 juistere

1096 2011 102 25 theorie
1214 2010 182 30 daarentegen,
1414 2016 52 17 was
1483 2007 31 25 de
1532 2007 63 25 heer
1611 2004 99 27 Caland
1722 2002 152 33 toegedaan.
1902 2001 137 34 Hoedanig

1097 2044 64 25 door
1176 2043 47 24 het
1240 2041 144 31 aanleggen
1409 2047 50 17 van
1616 2044 32 18 en
1665 2035 191 27 strekdammen
1874 2034 31 25 de
1922 2034 117 33 richting

1097 2083 51 17 van
1166 2074 50 25 den
1232 2074 98 24 stroom
1348 2072 51 25 kan
1415 2070 104 26 worden
1537 2069 137 27 verbeterd
1697 2076 32 18 en
1746 2076 61 17 eene
1824 2067 79 26 rivier
1919 2067 58 32 diep
1995 2075 30 24 ge-

1098 2106 103 27 houden
1218 2105 52 25 kan
1287 2102 111 33 worden;
1424 2102 47 26 hoe
1498 2109 59 19 men
1574 2108 106 27 vroeger
1698 2101 30 25 de
1746 2100 119 32 moening
1883 2107 52 18 was
1951 2101 73 28 toege-

1100 2140 73 28 daan,
1200 2137 45 26 dat
1270 2137 40 25 dit
1335 2137 64 26 door
1423 2135 46 26 het
1485 2135 168 26 boyenwater
1668 2135 47 25 het
1733 2133 59 26 best
1809 2133 51 25 kon
1878 2132 161 32 geschieden,

1100 2181 31 15 on
1148 2173 48 22 hoo
1214 2178 58 17 men
1290 2170 78 25 thans
1384 2177 32 30 op
1433 2169 99 32 goeden
1550 2167 83 33 grond
1649 2167 144 27 aanneemt,
1811 2166 46 24 dat
1874 2161 39 27 dit
1924 2165 46 24 het
1981 2164 58 25 best

1098 2205 52 25 kan
1167 2202 161 34 geschieden,
1354 2200 89 27 indien
1466 2207 47 19 een
1538 2199 84 26 sterke
1648 2199 76 25 vloed
1748 2198 46 25 het
1814 2197 165 26 boyenwater
1995 2204 30 25 op-

1100 2237 79 26 stuwt
1198 2244 32 17 en
1245 2235 70 26 later
1330 2233 34 32 bij
1393 2233 30 26 de
1439 2233 33 26 eb
1489 2241 60 18 eene
1569 2232 44 25 des
1628 2232 27 25 to
1672 2232 118 31 grootere
1807 2229 168 27 hoeveelheid
1988 2237 34 17 wa-

1100 2271 40 25 ter
1157 2269 158 30 uitstroomt,
1342 2267 40 26 dit
1407 2267 65 26 alles
1495 2265 71 27 werd
1591 2264 63 26 door
1670 2259 50 31 den
1736 2263 104 34 spreker
1859 2271 32 24 op
1909 2270 63 18 even
1988 2262 39 24 uit-

1098 2302 103 33 voerige
1219 2301 38 25 als
1274 2300 138 32 duidelijke
1431 2298 71 33 wijze
1525 2306 33 25 op
1583 2296 174 26 theoretische
1779 2295 117 34 gronden
1920 2302 32 18 en
1976 2294 65 25 door

1098 2334 171 26 voorbeelden
1286 2328 172 35 aangetoond.

1131 2365 96 34 Hierop
1245 2365 103 25 werden
1363 2370 53 26 nog
1433 2362 91 27 verder
1540 2361 142 33 besproken
1700 2360 31 25 de
1749 2357 216 35 bijzonderheden
1989 2365 50 19 van

1098 2398 47 28 het
1168 2399 80 26 thans
1271 2396 125 34 gevolgde
1421 2396 63 33 plan
1507 2396 43 25 tot
1574 2393 174 34 doorgraving
1765 2401 50 18 van
1833 2392 50 26 den
1898 2391 76 27 Hoek
1989 2399 51 18 van

1100 2432 113 25 Holland
1231 2439 32 17 en
1279 2431 31 25 de
1328 2428 161 32 afdamming
1505 2435 51 18 van
1565 2428 45 25 het
1628 2426 105 30 Scheur,
1748 2428 149 38 ontworpen
1915 2424 63 25 door
1991 2424 48 25 den

1100 2463 61 26 heer
1178 2463 30 25 P.
1226 2461 98 27 Caland
1341 2461 27 26 in
1389 2464 69 26 1856,
1474 2460 63 25 toen
1554 2467 58 18 men
1630 2465 70 18 meer
1715 2466 32 17 en
1763 2464 70 19 meer
1850 2453 120 28 behoefte
1995 2456 30 25 be-

1098 2503 52 52 fon
1166 2496 28 26 te
1211 2494 124 34 gevoelen
1350 2502 51 19 aan
1417 2492 151 28 verbeterde
1586 2499 32 19 en
1635 2490 130 27 versnelde
1783 2489 129 28 middelen
1923 2496 51 19 van
1984 2494 43 19 ver-

1119 2536 47 24 eer,
1185 2528 80 25 nadat
1283 2535 52 25 nog
1350 2526 92 26 vooraf
1460 2526 56 25 mot
1540 2532 47 18 een
1612 2523 74 26 enkel
1711 2523 86 26 woord
1822 2523 27 24 in
1874 2520 167 32 herinnering

1100 2569 52 19 was
1169 2559 126 34 gebracht
1313 2559 47 27 het
1376 2559 116 33 ontwerp
1509 2565 51 19 van
1577 2556 50 27 den
1643 2555 63 27 heer
1722 2552 202 33 Blommendaal,
1941 2552 40 27 die
1994 2561 47 19 een

1098 2594 94 26 kanaal
1209 2594 76 25 wilde
1303 2593 65 26 doen
1387 2598 96 26 graven
1499 2598 51 18 van
1567 2589 154 26 Rotterdam
1739 2588 84 26 dwars
1840 2588 63 24 door
1919 2587 31 25 de
1961 2585 66 26 eilan-

1100 2626 57 31 den,
1173 2624 81 26 welke
1272 2624 41 26 die
1329 2624 60 26 stad
1406 2623 122 26 scheiden
1544 2630 51 18 van
1611 2621 46 26 het
1674 2620 126 26 Hollands
1817 2619 83 33 Diep;
1925 2619 47 26 het
1996 2617 45 33 lag

1097 2657 28 28 in
1141 2659 47 27 het
1204 2657 63 33 plan
1283 2657 39 26 dit
1338 2656 94 27 kanaal
1449 2657 27 25 te
1502 2655 66 27 doen
1592 2653 152 27 uitmonden
1768 2653 141 32 tegenover
1924 2650 100 26 Willem-

1098 2692 66 30 stad,
1181 2692 44 24 ten
1243 2689 73 26 einde
1335 2689 31 26 de
1382 2689 110 32 schepen
1509 2689 53 25 met
1579 2686 167 33 ongebroken
1760 2682 91 33 lading
1867 2683 40 26 uit
1924 2691 43 18 zee
1980 2689 63 19 voor

1098 2722 154 27 Rotterdam
1270 2724 26 25 te
1312 2721 123 33 brengen.
1468 2721 39 26 De
1525 2720 90 33 groote
1635 2718 148 31 bezwaren,
1800 2715 81 27 welke
1898 2715 31 27 de
1946 2722 79 19 verwe-

1098 2756 138 32 zenlijking
1254 2763 50 19 van
1322 2754 39 26 dit
1378 2756 115 31 ontwerp
1511 2751 143 31 aanboden,
1670 2750 103 26 werden
1791 2756 57 19 zeer
1858 2748 124 32 duidelijk
1990 2748 39 25 uit-

1098 2789 130 22 eengezet.
1730 2810 8 2 .
1760 2810 5 2 .
1854 2810 7 2 ,
1892 2810 4 2 ,
1935 2810 7 1 ,

1131 2822 40 26 De
1187 2820 105 33 spreker
1309 2820 65 25 deed
1390 2820 152 30 vervolgens
1560 2820 146 30 opmerken,
1726 2820 45 20 dat
1788 2820 48 19 aan
1856 2820 46 18 het
1917 2820 61 25 plan
1991 2820 50 18 van

1098 2854 50 26 den
1166 2854 60 26 heer
1252 2852 99 26 Caland
1368 2850 148 26 verbonden
1531 2857 54 17 was
1602 2856 61 18 eene
1689 2845 106 33 geheele
1812 2844 229 26 stroomkorrektie

1098 2894 51 19 van
1166 2885 31 26 de
1214 2884 74 26 Maas
1306 2891 31 18 en
1354 2882 46 26 dat
1419 2882 39 26 dit
1474 2881 63 39 plan
1553 2881 27 26 in
1602 2882 60 25 1857
1681 2878 64 27 door
1760 2885 47 18 een
1825 2875 73 27 Raad
1915 2883 52 18 van
1991 2883 34 19 wa-

1100 2919 112 26 terstaat
1230 2917 39 26 als
1285 2917 47 25 het
1348 2915 81 31 beste,
1439 2915 46 26 het
1502 2913 182 33 doelmatigste
1702 2911 63 33 plan
1780 2908 71 27 werd
1869 2908 115 33 gekozen
2001 2917 43 17 om

1100 2949 145 28 Neerlands
1270 2947 99 27 tweede
1394 2946 128 34 koopstad
1546 2946 50 26 den
1617 2953 46 19 zoo
1680 2943 129 32 noodigen
1824 2942 139 32 waterweg
1980 2948 64 19 naar

1100 2991 43 19 zee
1159 2983 26 25 te
1204 2980 169 27 verschaffen.

1131 3017 40 25 De
1188 3015 92 25 kosten
1297 3021 51 18 van
1365 3011 93 33 aanleg
1475 3019 50 18 van
1537 3011 26 26 al
1571 3011 31 25 de
1611 3009 111 28 werken,
1731 3007 180 30 aanvankelijk
1920 3007 123 31 geraamd

1100 3054 32 25 op
1149 3050 15 22 5
1182 3046 115 26 millioen
1315 3044 104 34 gulden,
1437 3044 103 26 werden
1556 3044 69 25 later
1641 3050 33 24 op
1687 3044 15 21 6
1711 3038 116 27 millioen
1835 3037 117 33 begroot,
1961 3044 66 19 waar-

1101 3078 79 28 onder
1196 3086 63 20 voor
1276 3078 46 27 het
1337 3076 154 28 verbeteren
1506 3083 51 19 van
1574 3074 31 27 de
1622 3072 137 35 eigenlijke
1770 3070 80 27 rivier
1860 3069 31 28 de
1900 3071 73 26 Maas
1982 3078 61 19 eene

1101 3119 54 18 som
1172 3119 52 17 van
1243 3111 57 31 l'/io
1315 3110 116 25 millioen
1447 3109 129 32 begrepen
1593 3115 60 18 was.
1977 3128 5 2 .
1997 3133 17 13 v

1133 3143 86 28 Onder
1237 3135 31 34 de
1285 3141 172 35 wijzigingen,
1473 3141 64 26 door
1554 3141 48 26 den
1622 3136 72 30 Raad
1710 3144 51 18 van
1778 3135 154 27 waterstaat
1954 3143 28 18 in
1998 3135 45 26 het

1100 3176 63 34 plan
1179 3175 130 33 gemaakt,
1325 3183 53 17 was
1395 3174 51 26 ook
1462 3181 158 25 opgenomen
1632 3181 6 15 :
1656 3171 46 24 dat
1719 3169 32 25 de
1761 3168 175 32 doorsniiding
1946 3168 84 32 eenigs-

1100 3208 56 27 zins
1172 3208 97 33 hooger
1285 3215 32 25 op
1335 3214 47 19 zou
1400 3204 104 28 worden
1521 3203 126 34 gebracht
1665 3202 51 26 dan
1726 3198 181 34 aanvankelijk
1916 3208 52 18 was
1977 3208 50 18 aan-

1101 3249 128 26 gewezen.
1626 3266 19 9 
1700 3265 7 11 ,
1841 3265 8 11 ,
1885 3265 6 6 .

1133 3274 39 25 De
1188 3273 100 32 plaats,
1306 3278 71 20 waar
1394 3270 32 25 de
1442 3276 100 18 nieuwe
1559 3267 124 32 monding
1700 3267 94 24 komen
1811 3267 57 30 zal,
1884 3273 22 18 is
1932 3267 41 24 uit
1998 3272 45 19 een

1101 3304 269 34 scheepvaartkundig
1387 3302 117 33 oogpunt
1519 3299 120 35 gunstig,
1656 3299 86 25 want:

1139 3343 24 21 1«
1187 3344 63 19 voor
1267 3337 48 26 den
1333 3334 79 27 mond
1430 3333 103 26 worden
1552 3340 80 25 geene
1648 3330 195 27 buitenbanken
1859 3330 148 32 gevonden;

1134 3371 35 25 2.
1187 3370 32 25 de
1237 3369 102 32 helling
1355 3374 51 18 van
1423 3366 50 26 den
1491 3364 92 26 bodem
1602 3364 45 25 der
1663 3370 43 19 zee
1723 3363 22 26 is
1757 3361 196 33 buitengewoon
1963 3360 67 33 regel-

1103 3402 92 33 matig,
1213 3402 112 32 hetgeen
1342 3399 34 33 bij
1394 3399 46 26 het
1457 3397 112 27 naderen
1587 3396 46 26 der
1649 3396 61 26 kust
1727 3394 32 26 de
1776 3402 112 26 gevaren
1909 3394 58 26 veel
1990 3402 40 18 ver-

1103 3435 113 26 mindert
1241 3441 63 18 voor
1328 3431 32 26 de
1384 3431 126 32 schepen,
1535 3429 83 27 welke
1641 3428 31 26 de
1688 3428 98 26 nieuwe
1804 3426 124 33 monding
1944 3428 99 24 moeten

1102 3465 196 28 binnenvallen,
1316 3471 33 18 en

1135 3502 35 22 3°.
1187 3504 63 19 voor
1265 3497 48 25 het
1328 3495 98 26 nieuwe
1444 3494 90 32 zeegat
1550 3494 22 25 is
1591 3500 46 18 een
1663 3491 80 34 goede
1769 3491 182 31 ankergrond,
1977 3491 66 24 allen

1106 3537 59 19 zeer
1181 3527 159 34 belangrijke
1358 3526 159 26 voordcelen.
1769 3552 7 11 t
1980 3547 53 13 IiUV
2035 3546 8 6 .

1136 3562 61 26 Wat
1217 3561 30 27 de
1264 3559 253 37 vervyacht-.„eote,
1711 3563 25 27 el
1755 3565 115 26 beneden
1894 3565 149 33 hoogwater

1102 3598 137 33 bedragen.
1273 3593 152 37 Natuurlijk
1441 3598 43 25 zal
1500 3599 44 25 ten
1561 3598 60 25 deze
1639 3598 112 25 verschil
1769 3598 124 27 bestaan,
1919 3604 65 19 naar
2001 3605 28 26 ge-

1100 3628 64 28 lang
1180 3637 50 18 van
1247 3630 31 24 de
1296 3630 84 32 plaats
1398 3637 69 18 waar
1485 3637 58 18 men
1559 3630 58 25 zich
1635 3628 123 32 bevindt;
1783 3637 45 18 zoo
1854 3622 40 32 zal
1918 3628 35 32 bij
1971 3637 58 19 voor-

1101 3654 77 33 beeld
1193 3669 64 18 voor
1274 3669 47 17 aan
1341 3660 32 25 de
1389 3660 103 25 werken
1509 3660 46 33 vrij
1576 3663 52 22 wat
1645 3663 105 30 grooter
1778 3660 85 39 diepte
1880 3657 104 31 worden
2001 3670 28 25 ge-

1100 3694 103 25 vonden
1220 3693 51 24 dan
1289 3692 98 32 hooger
1404 3700 33 24 op
1453 3692 28 25 in
1499 3692 31 25 de
1546 3692 86 30 rivier,
1650 3693 80 24 welke
1739 3693 56 24 niet
1811 3685 64 33 door
1891 3693 31 25 de
1939 3702 41 17 zee
1993 3693 51 25 kan

1100 3725 104 26 worden
1222 3724 203 33 diepgehouden.
1443 3723 111 34 Wijders
1571 3724 47 30 zal,
1628 3725 45 25 ten
1684 3724 109 34 gevolge
1809 3732 51 19 van
1877 3724 32 27 de
1925 3726 118 32 grootere

1100 3757 97 30 lengte,
1214 3765 116 25 gegeven
1348 3765 48 17 aan
1413 3756 51 26 den
1480 3756 155 33 zuidelijken
1661 3757 58 25 dam
1736 3772 32 4 —
1785 3757 32 26 do
1843 3758 110 30 kortere,
1970 3767 59 18 noor-

1101 3782 93 41 delijke
1212 3790 59 26 dam
1289 3789 83 26 werkt
1388 3789 143 32 eenigszins
1547 3789 40 27 als
1604 3797 46 18 een
1676 3789 138 27 zeebreker
1830 3806 33 5 —
1879 3790 31 27 de
1928 3793 116 32 grootste

1100 3823 93 37 diepte,
1212 3823 47 25 dus
1276 3822 46 26 het
1337 3822 73 25 beste
1427 3824 145 22 vaarwater
1589 3822 104 26 worden
1716 3823 133 32 gevonden
1876 3831 50 17 aan
1942 3823 32 25 de
1990 3824 40 24 zui-

1100 3855 93 31 delijke
1211 3854 64 34 zijde
1291 3862 50 18 van
1359 3854 48 27 den
1424 3854 117 26 nieuwen
1558 3855 85 26 mond.

1133 3883 61 30 Wat
1211 3887 32 27 de
1259 3888 163 25 konstruktie
1440 3888 56 24 dier
1513 3888 118 24 dammen
1649 3887 104 31 betreft,
1779 3887 32 26 de
1833 3887 105 33 spreker
1954 3887 90 25 deelde

1100 3920 26 26 te
1142 3920 60 26 dien
1218 3920 106 26 aanzien
1341 3920 81 30 mede,
1439 3919 46 26 dat
1502 3919 40 26 die
1560 3920 54 25 niet
1632 3920 26 25 te
1676 3920 70 32 hoog
1761 3920 52 25 kan
1833 3919 105 27 worden
1955 3926 74 28 gepre-

1100 3959 53 20 zen.
1187 3953 39 25 De
1244 3952 129 34 geduchte
1398 3954 120 28 stormen,
1545 3952 83 26 welke
1652 3952 57 26 hier
1733 3945 104 34 hebben
1863 3953 112 32 gewoed,
1994 3953 50 30 zijn

1100 3986 56 25 niet
1170 3985 27 25 in
1215 3986 70 25 staat
1302 3987 112 31 geweest
1440 3985 115 25 daaraan
1571 3985 90 32 eenige
1688 3985 116 26 afbreuk
1827 3993 51 17 van
1896 3980 148 30 beteekehis

1100 4018 27 24 te
1146 4017 72 25 doen.

1131 4049 128 33 Indertijd
1276 4050 22 26 is
1315 4050 35 33 bij
1369 4050 31 25 de
1416 4049 176 33 behandeling
1607 4057 51 18 van
1675 4050 47 25 het
1739 4051 117 31 ontwerp
1872 4058 51 17 van
1939 4051 52 24 wet
2011 4057 32 24 op

1100 4083 51 26 den
1167 4084 139 32 waterweg
1323 4090 50 18 van
1393 4081 167 26 Amsterdam
1574 4089 65 18 naar
1664 4089 43 18 zee
1733 4089 47 18 een
1805 4081 113 27 voorstel
1942 4081 102 33 gedaan

1098 4123 44 18 om
1157 4116 76 28 eerst,
1252 4114 35 34 bij
1306 4115 71 32 wijze
1395 4122 51 18 van
1462 4114 187 34 proefneming,
1658 4114 111 26 hoofden
1787 4114 40 26 uit
1844 4116 26 24 te
1887 4114 115 32 brengen
2017 4114 25 26 in

1100 4155 44 19 zee
1160 4156 32 17 en
1209 4148 97 25 daarna
1324 4142 31 31 de
1372 4147 104 33 overige
1493 4147 103 25 werken
1613 4148 41 24 tot
1671 4147 174 32 doorgraving
1861 4155 50 17 van
1929 4147 113 25 Holland

1101 4188 32 30 op
1150 4180 51 33 zijn
1218 4180 97 25 Smalst
1332 4187 47 18 aan
1407 4181 27 24 te
1459 4187 109 24 vangen,
1594 4174 45 31 teri
1667 4179 74 26 einde
1766 4174 275 38 proefondervindelijk

1098 4212 163 34 uitgemaakt
1279 4213 26 25 te
1325 4212 57 26 zien
1402 4212 28 26 of
1444 4219 47 19 een
1509 4212 125 33 dergelijk
1651 4212 70 26 werk
1739 4212 38 26 als
1793 4212 46 26 het
1856 4212 144 31 beraamde,
2011 4220 32 24 op

1100 4254 63 17 onze
1179 4246 70 28 kust,
1259 4247 44 22 ten
1322 4245 103 25 uitvoer
1449 4245 52 25 kon
1526 4245 103 25 worden
1645 4244 100 33 gelegd.
1780 4245 47 25 Dit
1843 4244 113 26 voorstel
1975 4244 69 25 vond

1100 4270 107 40 destijds
1222 4277 56 26 niet
1293 4277 57 26 veel
1369 4277 202 28 ondersteuning
1597 4277 35 32 bij
1652 4270 30 32 de
1698 4277 76 26 leden
1802 4277 46 26 der
1867 4277 102 26 Kamer.
2006 4277 37 26 De

1098 4310 157 33 toenmalige
1272 4309 152 28 voorsteller
1442 4309 40 32 (de
1508 4309 118 26 minister
1642 4309 78 26 thans
1744 4310 54 25 met
1822 4309 32 26 de
1879 4309 163 33 portefeuille

1098 4351 52 17 van
1172 4343 128 25 finantiën
1325 4342 94 31 belast)
1447 4342 72 25 heeft
1543 4342 90 25 echter
1656 4342 31 25 de
1711 4342 157 32 voldoening
1891 4342 84 33 gehad
1991 4342 51 32 zijn

1100 4375 61 58 Ïilan
1178 4375 27 26 in
1221 4374 115 34 praktijk
1352 4375 27 25 te
1394 4374 57 26 zien
1469 4374 123 33 brengen,
1609 4374 71 26 want
1698 4372 31 26 de
1750 4374 164 27 zeedammen
1932 4375 50 32 zijn
1998 4381 31 26 ge-

1114 4407 50 26 eed
1179 4407 63 26 vóór
1258 4407 31 26 de
1310 4407 70 26 hand
1397 4407 20 25 is
1435 4407 122 37 geslagen
1574 4414 51 18 aan
1644 4407 31 25 de
1691 4407 183 33 doorsnijding.

1133 4440 39 25 De
1192 4439 105 26 breedte
1315 4439 45 25 der
1377 4439 176 33 doorsnijding
1569 4437 22 26 is
1600 4437 122 34 geraamd
1740 4446 32 26 op
1787 4441 50 24 900
1854 4437 59 26 ned.
1930 4437 32 31 el,
1971 4443 72 19 maar

1101 4479 43 18 om
1160 4472 60 24 deze
1238 4472 27 25 te
1283 4479 105 18 vormen
1417 4470 40 26 zal
1483 4479 59 18 men
1561 4470 32 26 de
1619 4479 44 18 zee
1680 4472 27 25 te
1737 4470 65 34 hulp
1825 4479 103 26 roepen.
1963 4470 32 26 In
2011 4469 31 25 de

1101 4504 156 33 begrooting
1280 4512 52 17 was
1359 4511 158 25 opgenomen
1546 4502 46 25 het
1617 4511 97 24 graven
1743 4512 52 17 van
1828 4512 61 17 eene
1913 4504 60 32 geul
2002 4504 41 22 ter

1100 4534 107 26 breedte
1224 4543 51 18 van
1284 4538 33 24 50
1328 4527 58 33 ned.
1403 4534 25 26 el
1447 4535 41 24 tot
1505 4541 32 26 op
1556 4538 17 21 3
1587 4534 25 25 el
1630 4534 113 26 beneden
1755 4535 60 32 laag
1822 4537 90 24 water.
1929 4534 38 26 De
1976 4533 50 27 hoe-

1100 4566 118 27 veelheid
1237 4566 73 31 zand,
1328 4567 83 26 welke
1435 4567 89 26 echter
1541 4567 131 32 werkelijk
1698 4567 130 26 verwerkt
1843 4570 71 24 moet
1930 4566 111 28 worden,

1101 4599 41 25 zal
1160 4599 129 33 bedragen
1306 4603 15 21 5
1339 4607 14 17 a
1370 4603 15 20 6
1404 4599 116 25 millioen
1538 4599 61 24 kub.
1617 4598 32 32 el,
1665 4599 89 26 indien
1770 4607 59 18 men
1848 4599 84 25 alleen
1949 4598 50 25 den
2016 4599 26 24 te

1100 4638 142 19 vereraven
1259 4631 83 32 grond
1361 4630 83 27 boven
1460 4631 31 26 A.
1511 4631 30 26 P.
1560 4631 98 27 rekent.

1136 4665 40 25 De
1201 4657 273 39 waterbouwkundige
1500 4664 188 32 grondslagen,
1714 4672 104 25 waarop
1841 4664 47 26 het
1909 4663 70 25 werk
1997 4662 45 26 der

1104 4695 176 34 doorsnijding
1297 4704 51 17 van
1365 4696 50 25 den
1431 4696 74 25 Hoek
1522 4703 52 18 van
1590 4696 115 26 Hmland
1715 4696 22 26 is
1754 4695 148 33 gebaseerd,
1918 4695 50 33 zijn
1985 4701 57 19 zeer

1101 4727 77 28 zeker
1192 4727 67 35 juist
1274 4729 27 26 te
1319 4729 110 31 heeten;
1447 4728 133 33 insgelijks
1597 4730 70 25 moet
1684 4729 31 26 de
1730 4728 152 33 uitvoering
1899 4729 69 31 hoog
1978 4735 48 18 wor-

1101 4761 50 24 den
1168 4768 141 24 geprezen;
1333 4768 74 18 maar
1431 4761 113 32 hetgeen
1571 4768 58 18 zeer
1654 4761 188 25 bevreemdend
1859 4767 60 26 mag
1937 4759 105 26 worden

1101 4792 103 39 geacht,
1222 4792 28 31 is,
1270 4792 45 26 dat
1332 4793 66 26 noch
1416 4792 27 27 in
1460 4792 47 27 het
1520 4792 123 34 ontwerp,
1652 4793 69 26 noch
1737 4793 27 26 in
1782 4793 31 26 de
1830 4793 83 26 latere
1930 4792 111 26 stukken

1100 4833 22 18 is
1139 4825 112 34 gedacht
1269 4833 51 19 aan
1336 4834 61 18 eene
1414 4826 104 33 raming
1534 4833 51 18 van
1602 4826 129 26 onkosten
1746 4833 63 18 voor
1825 4826 47 25 het
1889 4832 98 25 graven
1998 4824 45 26 der

1101 4857 99 26 nieuwe
1218 4858 131 33 monding.

1133 4890 57 26 Met
1206 4890 47 34 vrij
1271 4892 91 32 groote
1378 4890 263 33 waarschijnlijkheid
1659 4897 61 27 mag
1737 4890 104 27 worden
1858 4896 184 26 aangenomen,

1100 4922 54 32 dat,
1181 4923 86 26 indien
1293 4923 118 26 eenmaal
1437 4923 46 25 het
1500 4923 66 26 zand
1581 4923 30 25 in
1628 4923 31 25 de
1676 4923 60 32 geul
1752 4924 22 25 is
1791 4924 145 32 ontgraven
1952 4922 41 25 tot
2011 4929 32 25 op

1102 4958 15 24 3
1128 4955 64 26 Ned.
1209 4955 32 32 el,
1260 4963 32 19 en
1309 4955 46 26 het
1372 4956 139 26 daarnaast
1528 4955 123 33 liggende
1667 4955 98 26 terrein
1780 4956 43 25 tot
1839 4963 32 25 op
1887 4955 141 31 laagwater-

1100 4988 60 34 peil,
1176 4988 32 26 de
1225 4989 175 30 watermassa,
1426 4988 41 25 die
1493 4994 28 20 er
1543 4988 67 26 heen
1626 4995 32 19 en
1684 4988 67 26 wéér
1776 4988 40 26 zal
1841 4987 201 28 doorstroomen,

1100 5020 31 28 de
1148 5020 125 34 monding
1289 5028 33 26 op
1339 5020 31 26 de
1387 5020 148 26 verwachte
1550 5020 89 38 diepte
1655 5020 41 26 zal
1713 5020 161 26 uitschuren.
1916 5019 61 26 Men
2003 5019 39 25 zal

1101 5053 39 26 dit
1156 5054 79 28 werk,
1252 5054 63 25 door
1332 5053 46 26 het
1394 5053 83 26 water
1493 5053 26 25 te
1537 5053 155 28 verrichten,
1709 5053 89 26 echter
1814 5053 63 26 door
1893 5050 132 26 kunstmid-

1101 5085 81 33 delen,
1199 5085 204 33 baggermolens,
1420 5085 103 26 moeten
1539 5085 196 26 ondersteunen.
1776 5085 39 33 Op
1841 5085 40 27 die
1906 5083 72 33 wijze
1995 5083 47 32 zal,

1104 5126 59 18 men
1196 5118 145 33 mettertijd
1367 5126 46 18 een
1430 5118 85 26 steeds
1533 5117 169 27 verbeterend
1720 5118 145 26 vaarwater
1881 5117 161 32 verkrijgen,

1100 5158 47 18 een
1163 5151 148 32 waterweg,
1328 5151 48 31 vrij
1395 5157 50 18 van
1463 5151 51 24 alle
1532 5150 235 33 belemmeringen,
1794 5150 79 33 gelijk
1890 5157 46 18 een
1954 5144 76 38 derge-

1100 5183 61 33 lijke
1187 5190 58 25 weg
1269 5181 112 27 behoort
1397 5183 27 26 te
1442 5183 57 33 zijn,
1517 5190 71 19 waar
1604 5183 46 30 tol,
1667 5181 69 27 noch
1752 5189 96 20 andere
1860 5181 99 33 heffing
1978 5181 50 26 han-

1101 5216 43 26 del
1160 5223 32 19 en
1209 5209 170 39 scheepvaart
1397 5216 27 25 in
1441 5216 86 26 hunne
1544 5215 93 26 vlucht
1654 5215 182 27 belemmeren.

1134 5248 223 33 Vraagtfmen'of
1372 5248 40 26 die
1430 5248 135 33 monding,
1584 5248 28 25 of
1626 5246 39 26 dit
1683 5248 98 26 nieuwe
1791 5248 98 33 zeegat,
1900 5245 142 28 voldoende

1101 5280 89 34 diepte
1217 5281 40 26 zal
1281 5281 126 33 erlangen
1433 5288 43 17 om
1501 5280 110 33 schepen
1637 5288 61 18 voor
1724 5280 31 26 de
1776 5278 266 28 Trans-Atlantische

1101 5314 77 24 vaart
1202 5313 50 24 den
1276 5314 116 30 toegang
1417 5319 65 18 naar
1499 5311 154 25 Rotterdam
1670 5314 26 22 te
1713 5313 168 28 verschaffen,
1898 5313 30 24 de
1948 5313 78 22 beant-

1101 5343 135 33 woording
1252 5342 107 27 hiervan
1377 5342 31 33 zij
1427 5349 63 19 voor
1506 5342 100 26 lateren
1624 5342 48 33 tijd
1689 5343 150 33 uitgesteld.
1857 5343 110 33 Spreker
1987 5350 43 17 ver-

1101 5368 89 34 wacht
1206 5375 74 25 zulke
1299 5375 110 25 schoone
1427 5374 128 33 gevolgen
1571 5374 63 25 niet.
1667 5375 48 25 Dit
1731 5375 90 26 echter
1835 5385 61 24 mag
1913 5375 56 26 niet
1978 5382 50 18 wor-

1102 5408 48 26 den
1168 5414 151 26 verzwegen
1335 5407 47 25 dat
1398 5400 163 35 Rotterdam,
1580 5406 64 25 door
1661 5406 31 25 de
1709 5407 144 34 voltooiing
1869 5417 51 17 van
1936 5408 47 25 het
1998 5407 30 25 be-

1101 5440 110 34 sproken
1228 5439 69 34 plan,
1315 5446 47 18 een
1378 5439 139 31 waterweg
1535 5438 131 32 verkrijgt,
1685 5438 80 27 welke
1776 5448 46 18 een
1831 5439 213 27 onberekenbaar

1101 5472 141 34 gunstigen
1266 5471 104 26 invloed
1394 5471 40 26 zal
1459 5471 104 25 kunnen
1592 5470 106 26 oefenen
1716 5479 32 25 op
1765 5472 31 25 de
1814 5472 162 31 uitbreiding
1991 5479 51 17 van

1101 5506 51 32 zijn
1169 5504 96 27 handel
1281 5511 32 18 en
1331 5504 66 32 zijne
1413 5503 176 33 scheepvaart.
1623 5503 56 25 Met
1704 5503 51 26 den
1782 5504 118 31 wensch,
1930 5504 47 26 dat
2001 5503 41 26 die

1101 5538 118 33 heilrijke
1237 5536 180 32 verwachting
1433 5535 106 34 spoedig
1554 5535 91 27 mocht
1662 5535 105 27 worden
1781 5536 198 33 verwezenlijkt,
1990 5536 39 26 ein-

1102 5570 76 32 digde
1195 5571 33 25 de
1245 5569 105 33 spreker
1367 5569 65 32 zijne
1441 5562 91 39 geheel
1544 5575 63 18 voor
1615 5568 31 25 de
1655 5568 71 26 vuist
1734 5568 135 32 gehouden
1877 5568 165 26 voordracht.

1134 5602 81 26 Luide
1233 5601 195 34 toejuichingen
1444 5607 86 20 waren
1548 5601 46 26 het
1611 5600 143 27 streelende
1770 5601 59 26 loon
1847 5608 63 19 voor
1926 5608 46 19 een
1990 5601 53 26 met

1101 5643 46 17 zoo
1163 5634 180 26 uittmuntend
1358 5634 92 25 sukces
1466 5633 171 26 volbrachten
1654 5633 97 26 arbeid.

1134 5667 128 25 Niemand
1271 5667 45 25 der
1325 5665 165 32 aanwezigen
1499 5665 50 25 den
1561 5665 105 25 wensch
1675 5665 105 26 uitende
1789 5673 41 18 om
1838 5665 94 27 nadere
1950 5665 79 25 inlich-

1101 5699 91 34 tingen
1217 5700 26 25 te
1269 5700 124 32 erlangen
1419 5695 30 30 of
1462 5698 41 25 tot
1521 5695 105 27 verdere
1645 5696 155 34 bespreking
1817 5707 50 17 van
1884 5696 76 33 eenig
1977 5696 65 33 punt

1101 5739 60 19 over
1176 5732 27 24 te
1222 5739 74 25 gaan,
1313 5732 69 26 sloot
1397 5731 31 27 de
1444 5730 141 34 president,
1603 5730 79 26 onder
1698 5730 209 34 dankbetuiging
1924 5738 50 18 aan
1993 5730 48 24 den

1100 5763 113 35 spreker,
1231 5763 31 26 de
1281 5764 180 33 vergadering.

1133 5796 51 26 Ter
1199 5796 216 38 verduidelijking
1431 5804 51 19 van
1499 5794 46 26 het
1572 5794 158 33 gesprokene
1755 5794 103 27 werden
1876 5803 58 18 zeer
1951 5793 91 39 groote

1101 5828 198 27 schetskaarten
1316 5829 142 33 gebezigd,
1483 5835 104 25 waarop
1613 5829 46 24 net
1677 5828 112 33 gansche
1806 5828 185 27 rivierterrein,
2010 5825 32 26 de

1100 5859 162 25 behanrlelde
1279 5863 131 30 zeegaten,
1427 5869 63 21 enz.,
1507 5868 32 25 op
1556 5858 93 27 breede
1670 5859 90 26 schaal
1778 5868 86 18 waren
1881 5858 143 34 afgebeeld.

1276 5957 586 51 CORRESPONDENTIE.

1133 6056 64 26 Veel
1213 6057 85 25 wordt
1313 6060 46 25 ton
1376 6060 102 32 gerieve
1494 6071 51 17 van
1561 6064 46 24 het
1623 6063 103 26 reizond
1743 6063 105 31 publiek
1858 6063 107 31 gedaan,
1975 6060 65 26 doch

1102 6089 52 24 wat
1172 6089 31 24 do
1220 6091 171 32 vorwarming
1409 6099 32 26 op
1459 6092 46 27 het
1515 6094 97 25 station
1622 6093 195 32 Zalt-Bommel,
1827 6102 50 19 van
1887 6093 48 27 den
1946 6092 80 27 staats-

1101 6125 135 32 spoorweg
1259 6119 208 32 Utrecht-riedel
1485 6125 104 32 botreft,
1607 6128 56 25 laat
1680 6126 39 26 dit
1736 6126 26 26 in
1780 6126 46 26 het
1843 6125 197 34 tegenwoordig

1100 6151 77 25 barre
1202 6152 193 27 wintersaizoen
1421 6164 57 18 zeer
1502 6158 58 26 veel
1577 6159 26 26 te
1620 6159 137 26 wenschen
1774 6167 69 22 over,
1860 6159 63 26 daar
1941 6159 31 25 de
1989 6158 38 25 rei-

1101 6190 83 24 zigers
1201 6183 112 26 dikwerf
1326 6185 150 27 verkleumd
1494 6196 48 18 van
1560 6190 83 26 koude
1661 6191 90 26 aldaar
1768 6191 184 30 aankomende,
1970 6198 32 18 en
2011 6190 27 26 in

1102 6216 31 24 do
1157 6216 189 26 wachtkamers
1372 6227 79 18 eenen
1468 6222 132 31 geruimen
1617 6223 48 32 tijd
1683 6224 133 26 moetende
1835 6224 145 28 vertoeven,
1998 6222 26 26 al-

1100 6254 94 18 vorens
1221 6248 86 26 hunne
1333 6249 52 26 reis
1409 6250 27 25 te
1461 6253 146 33 vervolgen,
1625 6255 27 25 in
1669 6256 60 26 deze
1746 6256 103 26 kamers
1865 6256 48 26 wel
1931 6255 106 27 kachels

1100 6280 97 26 vinden
1214 6280 84 28 staan,
1317 6280 65 26 doch
1398 6282 41 25 die
1457 6282 56 26 niet
1530 6287 120 31 gestookt
1667 6288 111 26 worden.
1804 6288 99 27 Verder
1920 6295 100 19 verwon-

1100 6312 59 27 dert
1185 6312 46 26 het
1258 6312 31 26 X.
1315 6320 119 24 waarom,
1460 6315 84 25 zooals
1565 6317 27 25 in
1609 6319 31 26 de
1657 6327 104 26 wagens
1779 6321 46 25 der
1843 6322 83 25 eerste
1943 6321 50 26 ook
2010 6320 27 24 in

1100 6346 41 25 die
1170 6345 46 27 der
1241 6344 99 26 tweede
1368 6345 99 32 klasse,
1493 6347 78 33 gelijk
1589 6348 33 33 bij
1641 6352 94 26 andere
1753 6360 93 25 sporen
1861 6353 27 26 in
1907 6361 46 18 ons
1970 6352 66 34 rijk,

1100 6386 84 26 geene
1202 6378 217 26 verwarmstoven
1437 6376 164 31 voorhanden
1620 6381 57 31 zijn.

1131 6411 32 27 X.
1188 6410 116 28 wenscht
1329 6418 58 18 zeer
1411 6410 46 25 dat
1474 6411 81 25 hierin
1574 6412 105 33 spoedig
1696 6423 61 18 eene
1774 6419 120 31 gunstigo
1912 6416 109 28 verande-

1098 6445 61 33 ring
1176 6451 74 27 moge
1269 6444 102 30 komen,
1389 6442 63 26 daar
1468 6442 61 26 toch
1546 6443 39 26 dit
1605 6445 117 32 ongerief
1728 6448 78 33 gewis
1815 6450 44 26 ten
1869 6450 105 27 nadeele
1983 6456 52 20 van

1096 6478 46 27 het
1159 6478 58 33 rijk,
1234 6477 30 27 of
1278 6477 50 27 wel
1345 6477 46 27 der
1408 6475 348 37 exploitatie-maatschappij
1773 6484 71 25 moet
1860 6484 130 26 strekken.

1220 6566 716 1 HANDELSBERIGTEN.

1303 6661 231 31 AMSTERDAM,
1552 6660 106 32 Zondag
1675 6664 17 25 2
1709 6660 116 27 Januari.

1114 6705 244 27 OVERZICHT
1377 6709 79 24 VAN
1476 6707 86 25 DEN
1581 6706 172 27 HANDEL
1773 6706 44 26 IN
1835 6706 171 27 GRANEN

1114 6739 223 27 IN
1449 6739 557 27 1869.

1130 6776 34 18 De
1196 6776 91 26 bande]
1311 6776 32 20 'in
1369 6776 123 22 TARWE
1522 6782 50 18 was
1600 6776 145 26 gedurende
1770 6776 39 22 dit
1832 6776 60 26 jaar
1909 6780 51 20 van
1977 6778 56 20 zeer

2062 126 94 38 weinig
2181 125 96 37 belang
2302 135 32 20 en
2357 133 52 28 nog
2434 122 209 32 onbeduidender
2659 122 51 30 dan
2726 128 116 30 vroeger,
2859 122 94 27 zoodat
2970 122 32 25 de

2062 161 175 35 dagelyksche
2261 159 169 33 noteeringen
2453 158 28 26 in
2509 157 50 27 den
2574 156 72 35 regel
2662 163 69 21 meer
2748 155 39 27 als
2803 151 133 31 nominaal
2950 151 52 27 dan

2063 193 39 30 als
2126 191 203 30 koersstellende
2355 200 50 20 aan
2430 191 26 26 te
2481 188 105 30 merken
2603 196 93 25 waren;
2715 187 84 28 alleen
2815 187 28 28 in
2859 185 31 28 de
2908 184 96 27 maand

2063 226 135 32 Augustus
2222 226 63 24 toen
2301 230 28 19 er
2344 231 61 18 eene
2422 223 148 33 algemeene
2585 220 174 32 bezorgdheid
2774 226 64 19 voor
2854 219 51 25 den
2921 216 83 31 oogst,

2063 256 154 34 tengevolge
2233 262 52 20 van
2301 247 46 35 het
2363 254 156 34 ongunstige
2536 250 84 30 weder
2636 250 131 32 ontstond,
2786 256 52 20 was
2854 256 27 19 er
2894 247 111 34 bepaald

2063 289 123 32 kooplust
2210 295 63 19 voor
2297 288 46 25 het
2368 287 94 27 artikel
2487 288 26 21 te
2539 283 150 34 bespeuren;
2714 283 30 25 de
2769 282 85 26 kleine
2878 280 128 26 voorraad

2066 320 115 26 evenwel
2204 328 53 18 was
2282 320 110 26 oorzaak
2417 319 46 26 dat
2487 324 27 18 er
2539 322 65 31 geen
2629 315 126 34 degelijke
2772 314 80 26 zaken
2869 313 43 25 tot
2929 312 77 25 stand

2065 353 119 26 kwamen
2207 360 32 18 en
2264 343 118 37 verdient
2406 350 98 28 slechts
2532 347 143 34 bijzondere
2693 346 168 33 vermelding,
2878 344 46 27 dat
2942 345 63 24 toen

2067 393 37 19 ca.
2130 389 50 24 200
2202 385 53 26 last
2280 384 172 33 beschadigde
2480 380 124 26 Poolsche
2629 380 28 26 in
2681 380 119 32 publieke
2826 377 98 32 veiling
2940 376 64 31 vlug

2067 417 126 28 verkocht
2211 416 110 31 werden,
2337 415 123 34 namelijk
2476 419 51 20 van
2535 415 24 31 ƒ
2567 416 48 24 326
2631 412 41 26 tot
2691 416 50 24 353
2748 417 45 28 per
2802 409 65 30 2400
2867 409 66 30 K.G.
2942 412 65 21 naar

2068 448 135 28 kwaliteit,
2238 448 92 27 Sedert
2353 448 22 27 is
2401 448 30 25 de
2456 444 139 34 stemming
2619 445 84 26 weder
2724 444 77 26 flauw
2820 441 138 35 geworden
2975 445 32 19 en

2068 480 72 30 bleef
2154 480 31 30 de
2205 478 97 30 handel
2321 481 41 27 tot
2380 478 107 28 dalende
2505 476 96 34 prijzen
2617 477 80 27 meest
2714 477 41 27 tot
2764 471 185 35 kleinigheden
2959 476 50 21 aan

2070 504 178 44 benoodigden
2267 511 117 35 bepaald.
2747 537 7 11 ,
2851 535 28 5 ...
2931 533 12 6 .

2102 546 32 27 In
2151 543 110 28 Januari
2277 543 61 33 gold
2357 542 128 27 witbonte
2500 540 118 33 poolsche
2636 540 26 31 ƒ
2676 543 57 27 370,
2747 537 79 27 bonte
2845 536 54 26 dito
2919 536 25 28 f
2960 536 50 24 360

2070 576 32 28 In
2117 576 54 28 Mei
2187 585 52 19 was
2256 575 126 28 witbonte
2398 575 43 25 tot
2458 573 89 31 ƒ320,
2564 570 78 30 bonte
2659 572 57 28 dito
2731 570 43 26 tot
2790 569 25 30 ƒ
2823 569 50 26 315
2890 568 118 31 gedaald.

2070 609 32 27 In
2118 609 135 32 Augustus
2269 608 71 27 werd
2355 608 85 26 weder
2457 605 83 31 ƒ370
2556 613 31 18 en
2604 605 80 31 ƒ360
2701 602 106 27 besteed
2824 607 32 20 en
2872 600 78 25 thans
2959 604 33 20 no-

2070 641 89 28 teeren
2177 648 40 25 wy
2236 641 65 27 oude
2317 641 79 26 bonte
2417 635 119 38 poolsche
2551 637 24 31 ƒ
2584 640 56 27 338,
2657 635 98 28 nieuwe
2774 634 54 26 dito
2846 634 25 27 ƒ
2880 634 57 24 300.

2104 673 135 26 Voorraad
2263 680 33 26 op
2320 665 84 34 heden
2428 669 84 27 alhier
2537 677 31 19 en
2595 677 50 19 aan
2669 669 31 27 de
2727 669 71 25 Zaan
2813 665 18 26 1.
2848 666 63 24 1725
2927 665 83 28 tegen

2070 705 18 28 1.
2105 707 57 28 856,
2178 705 30 27 in
2226 707 69 25 1868.
2810 726 25 11 
2910 725 18 7 
2949 724 7 8 ,
2985 723 24 8 

2105 738 57 26 Ook
2181 737 32 27 de
2230 737 96 26 handel
2342 736 28 26 in
2379 732 119 30 ROGGE
2506 732 71 26 heeft
2585 732 39 26 dit
2630 732 59 33 jaar
2696 732 57 26 niet
2761 728 59 28 veel
2826 726 184 34 levendigheid

2072 768 122 37 getoond.
2212 768 151 28 Gedurende
2381 767 31 27 de
2430 764 56 28 drie
2500 764 83 27 eerste
2600 764 128 28 maanden
2743 762 65 35 ging
2822 765 28 20 er
2867 764 94 26 weinig
2970 763 41 19 om

2073 810 32 18 en
2127 800 120 28 leverden
2275 800 31 27 de
2330 801 98 34 prijzen
2445 797 50 27 ook
2511 804 64 26 geen
2593 797 144 33 belangrijk
2754 793 112 27 verschil
2887 797 40 26 op,
2947 793 64 22 daar

2073 833 32 27 de
2130 833 149 33 eigenaars,
2294 835 54 25 met
2375 833 47 26 het
2446 836 99 27 oog,op
2562 829 32 27 de
2611 830 92 33 groote
2721 828 138 31 inkoopen,
2884 823 81 24 welke
2983 827 28 19 er

2074 873 32 25 op
2133 866 46 26 het
2211 865 120 33 voorjaar
2361 865 100 33 gedaan
2497 869 94 24 waren,
2624 862 57 26 zich
2704 861 57 27 niet
2786 863 51 20 van
2864 859 54 22 hun
2943 859 66 27 goed

2073 896 96 26 wilden
2196 898 120 26 ontdoen.
2347 896 89 26 Nadat
2469 895 31 26 de
2524 894 209 27 Maart-termiin
2757 888 115 30 evenwel
2895 894 53 17 was
2974 888 26 22 ai-

2074 931 133 32 geloopen,
2233 928 162 34 openbaarde
2419 928 57 26 zich
2500 934 70 19 meer
2594 925 171 35 geneigilneid
2790 921 43 26 tot
2859 921 152 30 verkoopen,

2074 971 32 17 en
2139 964 99 25 hoewel
2270 971 28 17 er
2333 963 50 25 ook
2407 969 70 18 meer
2502 957 112 28 binnenl.
2646 967 81 24 vraag
2752 954 141 27 ontstond,
2911 954 100 21 konden

2074 994 109 38 koopers
2200 994 57 26 zich
2275 993 172 34 gemakkelijk
2463 993 43 26 tot
2525 991 106 27 dalende
2649 992 96 33 prijzen
2764 992 129 21 voorzien,
2921 986 92 22 vooral

2075 1037 32 24 op
2131 1028 116 32 levering
2274 1036 52 17 was
2349 1028 47 25 het
2421 1033 57 18 zeer
2503 1025 57 31 slap
2585 1032 32 17 en
2641 1024 70 26 werd
2735 1023 26 24 in
2787 1019 46 26 het
2859 1019 80 22 laatst
2963 1023 50 17 van

2074 1059 76 33 April
2174 1067 43 18 om
2242 1061 26 24 te
2293 1059 102 25 leveren
2422 1058 26 26 in
2474 1057 52 26 Mei
2551 1057 41 25 tot
2611 1057 25 30 ƒ
2656 1058 53 28 182,
2734 1055 27 25 in
2786 1051 64 27 Juni
2865 1051 41 24 tot
2924 1051 19 28 f
2962 1051 5 20 1
2978 1051 35 27 ,(>,

2075 1093 58 25 Oct.
2157 1091 43 26 tot
2215 1094 25 30 ƒ
2251 1096 44 22 175
2311 1093 150 31 algegeven.
2494 1091 69 24 Deze
2580 1088 96 33 prijzen
2691 1089 137 31 begonnen
2850 1084 113 22 evenwel
2982 1084 30 20 de

2076 1123 145 33 algemeene
2239 1123 131 26 aandacht
2387 1124 26 25 te
2430 1122 117 28 trekken,
2572 1121 90 26 vooral
2676 1122 63 24 toen
2756 1117 31 25 de
2803 1116 113 25 binnenl.
2933 1119 81 25 vraag

2075 1156 122 26 aanhield
2213 1163 32 19 en
2262 1156 56 26 vele
2334 1156 109 32 koopers
2459 1162 51 19 van
2526 1153 156 33 Mei-Rogge
2699 1160 32 25 op
2748 1149 84 26 nieuw
2850 1147 38 26 als
2904 1147 94 25 ontvan-

2075 1195 59 52 §ers
2158 1188 133 33 optraden,
2316 1188 135 26 waardoor
2474 1188 31 25 do
2532 1187 125 25 voorraad
2682 1191 63 19 voor
2769 1188 45 20 een
2831 1180 66 33 goed
2914 1180 57 24 «looi
2987 1185 27 17 111

2094 1221 50 26 ezit
2157 1221 85 26 kwam
2258 1228 50 18 van
2324 1220 107 27 buitenl.
2447 1219 177 34 spekulanten,
2631 1217 98 32 daarbij
2743 1213 97 34 voegde
2849 1212 57 25 zich
2914 1212 46 25 dat
2969 1212 46 24 het

2074 1254 86 26 weder
2179 1253 73 26 reeds
2269 1260 80 26 vroeg
2365 1254 27 25 in
2409 1253 48 25 den
2467 1259 84 19 zomer
2561 1259 46 17 een
2616 1248 139 32 ongunstig
2765 1246 122 26 karakter
2895 1251 118 21 aannam,

2075 1293 32 19 en
2132 1286 73 26 zulks
2230 1286 54 25 met
2311 1285 94 33 weinig
2430 1283 182 32 uitzondering
2627 1281 112 28 behield,
2757 1278 136 27 waardoor
2908 1277 31 25 de
2957 1277 39 24 bm-

2075 1319 172 26 nenlandsche
2272 1325 97 25 vraag,
2395 1318 40 25 dio
2460 1317 27 25 in
2505 1317 31 25 de
2552 1315 96 26 maand
2665 1313 57 26 Juli
2737 1310 139 28 verflauwd
2894 1317 70 21 was,
2982 1315 32 24 op

2074 1351 85 26 nieuw
2187 1350 70 26 werd
2285 1349 135 35 opgewekt
2445 1357 31 18 en
2503 1348 31 26 de
2558 1349 158 30 ontvangers
2735 1351 51 19 van
2805 1342 87 26 Maart
2910 1349 32 18 en
2957 1342 58 22 Met

2074 1384 90 32 Rogge
2187 1383 28 25 in
2239 1382 32 26 do
2295 1382 170 34 gelegenheid
2493 1388 85 18 waren
2596 1378 57 26 veel
2672 1384 51 19 van
2740 1377 86 25 hunne
2845 1375 110 32 partijen
2972 1374 43 24 tot

2075 1416 125 33 stijgende
2219 1414 97 34 prijzen
2333 1413 34 27 af
2376 1415 27 26 to
2421 1414 92 27 zetten.
2532 1414 31 25 In
2581 1411 31 26 do
2629 1409 93 27 maand
2740 1408 141 33 Augustus,
2898 1407 61 24 toen
2968 1406 47 25 het

2076 1449 157 32 ongunstige
2259 1448 85 25 weder
2370 1455 60 22 zorg
2452 1446 84 31 begon
2554 1447 27 22 to
2597 1442 162 28 verwekken,
2776 1448 52 18 was
2846 1440 30 25 do
2893 1440 123 30 kooplust

2074 1482 141 32 algemeen,
2232 1479 96 26 zoowol
2344 1479 26 26 in
2389 1476 59 28 loko
2469 1476 39 27 als
2526 1483 32 27 op
2574 1475 117 33 levering
2707 1482 32 18 en
2757 1472 133 28 bereikten
2906 1470 32 26 de
2954 1478 50 25 prij-

2074 1521 46 19 zen
2145 1514 56 25 hun
2220 1513 110 32 hoogste
2349 1511 150 33 standpunt.
2526 1511 39 31 Op
2582 1508 46 26 het
2646 1508 80 25 laatst
2743 1506 54 25 dier
2813 1504 96 26 maand
2924 1504 77 26 verbe-

2073 1545 74 28 terde
2172 1546 46 26 hot
2243 1544 85 26 weder
2344 1544 56 25 zich
2417 1543 136 33 eenig—»,
2572 1550 32 18 en
2620 1539 102 28 hoewel
2737 1539 47 25 het
2803 1535 148 34 gedurende
2968 1535 47 25 het

2075 1578 105 33 geheele
2203 1578 61 33 jaar
2281 1576 170 31 onbestendig
2469 1574 125 32 gebleven
2610 1573 30 30 is,
2657 1580 45 18 zoo
2721 1579 52 17 was
2790 1570 47 25 het
2854 1567 90 27 echter
2960 1567 56 26 niet

2075 1619 69 15 meer
2160 1618 50 17 van
2226 1610 60 25 dien
2303 1609 70 24 aard.
2391 1607 45 25 «lat
2452 1613 58 18 men
2528 1606 57 26 _ch
2601 1612 63 18 voor
2681 1604 46 25 het
2744 1600 148 27 mislukken
2907 1606 51 18 van
2966 1600 50 24 «lon

2075 1643 74 30 oogst
2166 1641 126 26 behoefde
2310 1639 112 32 bezorgd
2439 1638 26 26 te
2481 1638 92 26 maken
2591 1651 31 5 —
2640 1636 34 33 bij
2695 1633 31 28 de
2744 1632 126 26 uitkomst
2885 1632 74 25 bleek
2970 1632 46 24 het

2075 1675 51 24 dan
2143 1674 58 30 ook,
2217 1672 46 25 dat
2283 1671 31 26 de
2321 1671 130 26 kwaliteit
2459 1678 51 19 van
2517 1670 46 27 het
2571 1668 92 37 geheel
2670 1668 58 26 niet
2735 1672 69 19 mooi
2812 1671 33 19 en
2852 1671 28 19 in
2888 1669 126 32 sommige

2076 1706 105 26 streken
2198 1704 61 26 zelfs
2277 1704 92 32 gering
2383 1702 125 34 genoemd
2515 1702 53 27 kon
2576 1701 112 30 worden,
2696 1697 66 28 doch
2772 1697 46 27 dat
2826 1696 32 27 de
2867 1696 150 27 kwantiteit

2076 1739 31 25 de
2124 1736 178 33 verwachting
2319 1736 120 28 overtrof,
2452 1735 132 26 waardoor
2593 1735 32 25 de
2631 1731 90 28 markt
2730 1739 60 19 eene
2798 1730 91 26 flauwe
2901 1729 116 45 houding

2078 1778 110 20 aannam
2215 1778 32 18 en
2272 1760 30 35 de
2326 1767 244 33 konsumtie-vraag
2596 1763 178 28 onbeduidend
2797 1762 70 26 werd
2893 1769 31 19 en
2941 1760 74 27 bleef.

2074 1804 105 31 Daarbij
2198 1804 85 25 kwam
2298 1808 59 25 nog,
2376 1801 46 25 dat
2440 1799 54 25 vele
2511 1799 107 33 koopers
2635 1807 51 15 van
2695 1796 116 27 Oktober
2822 1795 90 33 Rogge
2921 1801 52 27 nog
2983 1801 32 27 op

2074 1837 47 25 het
2138 1835 81 26 laatst
2237 1834 56 26 dier
2309 1832 93 26 maand
2421 1830 175 33 realiseerden,
2611 1831 87 26 ofmet
2709 1830 30 25 de
2748 1830 149 32 ontvangen
2906 1828 111 32 partijen

2076 1877 51 15 aan
2151 1867 31 25 de
2207 1866 86 25 markt
2311 1873 93 17 waren.
2435 1864 145 25 Bovendien
2598 1864 70 25 werd
2685 1863 31 24 de
2733 1863 112 27 toevoer,
2863 1860 96 25 zoowel
2976 1860 40 24 uit

2075 1899 99 26 Noord-
2192 1898 39 25 als
2246 1894 202 31 Zuid-Rusland,
2465 1894 47 32 vrij
2522 1894 144 34 belangrijk
2675 1903 31 17 en
2715 1893 141 31 ontvingen
2865 1891 30 25 de
2904 1890 96 26 binnen-

2075 1930 120 28 landse}—
2223 1930 164 26 verbruikers
2413 1929 27 24 te
2460 1929 54 24 veel
2532 1936 61 18 voor
2611 1928 74 32 eigen
2702 1925 120 26 behoefte
2839 1923 41 24 uit
2897 1922 47 25 hot
2960 1922 43 24 bui-

2075 1964 115 31 tenland,
2207 1963 133 27 waardoor
2357 1952 32 37 de
2406 1967 81 25 vraag
2504 1952 145 40 geSurende
2666 1959 46 25 het
2721 1956 105 35 geheele
2839 1954 91 32 najaar
2940 1952 61 26 onbe-

2076 1997 110 26 duidend
2205 1997 124 30 gebleven
2346 1996 22 24 is
2386 2002 31 17 on
2427 1993 56 25 zich
2493 2000 59 18 eene
2562 1994 91 31 groote
2662 1990 167 38 verkooplust
2838 1996 32 25 op
2881 1988 45 24 hot
2935 1987 81 24 aanst.

2075 2030 119 32 voorjaar
2204 2027 169 35 openbaarde,
2383 2026 48 31 die,
2441 2023 98 26 hoewol
2548 2031 27 19 er
2584 2024 48 26 ook
2643 2023 158 33 belangrijke
2810 2022 109 31 koopers
2928 2020 74 31 tegen-

2076 2057 64 31 over'
2153 2062 117 28 stonden,
2282 2059 84 27 steeds
2375 2057 30 27 de
2417 2056 129 26 overhand
2555 2056 110 27 behield,
2676 2053 91 30 zoodat
2777 2056 31 24 do
2817 2054 94 33 prijzen
2923 2053 94 22 zoowel

2075 2095 27 25 in
2118 2094 60 27 loko
2194 2094 39 25 als
2251 2101 31 26 op
2298 2092 118 32 levering
2434 2095 59 19 eene
2507 2088 105 26 dalende
2631 2088 115 33 richting
2763 2082 136 31 behouden
2908 2082 110 31 hebben,

2076 2128 41 26 tot
2135 2128 46 26 dat
2198 2134 31 26 op
2246 2127 46 24 het
2307 2126 81 25 laasts
2405 2124 76 25 dezer
2497 2122 92 25 maand
2607 2122 45 25 het
2661 2121 71 33 getal
2741 2120 155 31 verkoopers
2906 2124 96 18 vermin-

2079 2160 77 25 derde
2167 2167 32 17 en
2217 2166 60 17 eene
2295 2158 83 24 kleine
2396 2153 99 27 reaktie
2513 2153 44 24 der
2572 2154 202 32 teriiiijnprijzen
2791 2150 100 33 volgde.

2109 2192 51 31 Wij
2178 2191 71 26 laten
2267 2189 137 26 hieronder
2421 2193 52 26 nog
2489 2184 92 33 volgen
2598 2194 59 18 ecno
2679 2185 72 27 tabel
2776 2192 51 17 van
2852 2183 44 25 de:

2222 2223 110 30 hoogste
2520 2217 98 28 laagste
2783 2217 111 33 tegenw.
2914 2219 104 26 prijzen.

2174 2256 94 26 Galatz
2285 2256 84 30 ƒ228
2531 2250 80 28 ƒlB6
2839 2248 84 31 ƒl9O

2111 2288 161 33 Petersburg
2290 2298 12 12 «
2320 2290 51 22 228
2568 2284 45 24 180
2843 2290 12 13 »
2877 2281 46 24 182

2112 2321 138 31 Taganrog
2290 2330 12 12 *
2320 2322 51 22 222

2109 2350 33 27 N.
2152 2352 118 32 pruische
2289 2362 12 12 «
2319 2353 50 24 238
2563 2348 48 25 205
2842 2352 12 15 »
2875 2343 47 24 190

2112 2385 72 26 Alles
2199 2393 47 25 per
2261 2388 65 22 2100
2344 2382 56 27 KG.
2418 2388 32 18 en
2469 2378 111 27 kontant
2597 2379 92 27 zonder
2707 2379 115 31 korting.

2111 2418 40 30 Op
2348 2413 110 33 hoogste
2507 2411 99 32 laagste
2655 2412 128 26 slotkoers
2813 2409 111 31 tegenw.
2934 2412 69 26 prijs.

2093 2450 89 25 Maart
2233 2452 61 22 1869
2360 2447 84 31 ƒ2OB
2509 2443 83 30 ƒ192
2655 2445 26 28 ƒ
2691 2443 78 31 1991/2
2854 2438 65 31 f~

2094 2481 53 26 Mei
2256 2492 12 13 11
2370 2491 12 13 11
2401 2479 48 27 207
2552 2477 45 24 182
2663 2487 12 13 «-
2695 2476 78 32 198V2
2891 2485 31 4 —

2095 2515 63 25 Juni
2259 2524 12 12 «
2372 2523 12 13 11
2402 2512 51 24 220
2520 2518 12 12 11
2552 2510 45 25 176
2663 2519 13 13 *
2694 2512 48 22 212
2861 2513 12 14 »
2891 2517 31 4 —

2096 2545 116 28 Oktober
2257 2556 12 15 1
2372 2551 13 19 *
2402 2544 48 26 224
2519 2549 12 15 »
2552 2541 45 26 175
2663 2551 12 13 »
2696 2541 77 33 1941/3
2891 2551 31 4 —

2094 2580 87 25 Maart
2242 2581 63 24 1870
2372 2588 12 12 «
2400 2578 48 22 219
2517 2583 13 12 «
2551 2574 45 24 183
2663 2583 11 13 •
2693 2589 31 2 —
2859 2578 12 14 »
2906 2570 115 24 85-86

2094 2610 53 27 Mei
2259 2620 11 13 «
2373 2619 12 12 «
2402 2609 50 24 215
2552 2604 46 25 183
2665 2615 12 13 «
2695 2620 31 4 —
2861 2610 12 13 «
2894 2602 128 26 187—188

2111 2642 154 30 Gedurende
2290 2642 31 26 de
2346 2636 188 31 verschillende
2551 2635 125 27 maanden
2681 2636 113 30 .werden
2811 2635 28 26 in
2856 2634 31 26 de
2906 2631 116 33 levering

2079 2675 128 33 gebracht
2223 2675 71 25 cirka
2313 2676 87 26 11,000
2417 2672 58 28 last,
2492 2675 120 18 waarvan
2631 2668 70 27 cirka
2718 2672 64 24 9000
2790 2668 52 25 last
2855 2666 64 25 door
2927 2666 79 43 speku-

2079 2709 90 25 lanten
2186 2714 32 19 en
2235 2707 71 26 cirka
2321 2708 66 25 2000
2402 2704 53 27 last
2471 2701 64 26 door
2552 2699 143 28 konsumtie
2713 2702 148 31 ontvangen
2878 2695 110 28 werden.

2111 2740 135 27 Voorraad
2262 2747 31 21 op
2310 2739 84 26 heden
2409 2734 85 27 alhier
2510 2741 32 17 en
2559 2739 48 18 aan
2624 2732 31 26 de
2674 2734 87 26 Zaan..
2791 2733 99 25 1.6960.

2421 2770 78 20 tegen
2794 2776 12 13 «
2823 2766 66 24 2720
2904 2763 27 25 in
2950 2765 70 22 1868.

2109 2805 59 26 Van
2192 2804 51 27 den
2258 2802 97 27 handel
2373 2802 27 26 in
2422 2800 113 27 GARST
2552 2800 145 28 gedurende
2719 2800 39 26 dit
2773 2800 59 32 jaar
2850 2800 22 22 is
2889 2800 54 22 niet
2965 2800 56 21 veel

2081 2837 144 32 bijzonders
2243 2837 27 24 te
2289 2835 158 27 vermelden;
2466 2830 249 33 noemenswaardige
2734 2832 150 39 aankoopen
2903 2831 41 22 ter
2962 2837 43 17 ver-

2080 2868 111 34 zending
2215 2867 103 27 hebben
2342 2867 54 26 niet
2421 2858 86 41 plaats
2530 2859 92 34 gehad,
2639 2861 50 27 ook
2706 2871 31 32 op
2753 2858 146 38 spekulatie
2917 2861 103 26 hebben

2080 2902 58 25 zich
2163 2908 57 18 zeer
2244 2900 94 34 weinig
2362 2900 110 32 koopers
2497 2893 139 33 opgedaan,
2665 2897 92 24 zoodat
2783 2897 46 24 het
2845 2893 175 27 verhandelde

2081 2933 56 26 zich
2163 2931 154 26 uitsluitend
2342 2931 106 33 bepaalt
2469 2926 73 27 heeft
2565 2926 41 25 tot
2631 2926 31 26 de
2685 2927 146 27 konsumtie
2858 2934 32 18 en
2909 2924 110 38 pellorij.

2081 2965 141 27 Uithoofde
2246 2973 51 18 van
2313 2965 31 26 de
2362 2970 58 20 zeer
2437 2959 124 34 beperkte
2577 2965 79 26 vraag
2674 2966 61 20 naar
2753 2962 46 25 het
2817 2957 203 35 gefabriceerde,

2081 3006 53 18 was
2150 2998 47 25 het
2215 2998 122 26 verbruik
2354 2998 45 25 ten
2415 2994 115 26 behoeve
2548 2998 50 18 van
2614 2989 31 26 de
2662 2992 97 35 pellerij
2778 2993 48 25 dan
2845 2991 51 26 ook
2913 2989 106 26 minder.

2113 3030 53 26 Het
2189 3030 111 26 verschil
2326 3030 46 25 der
2396 3027 96 33 prijzen
2518 3024 21 24 is
2567 3024 17 26 /'
2604 3024 32 24 40
2661 3030 45 26 per
2730 3025 64 31 last;
2816 3024 110 33 hoogste
2955 3020 63 35 prijs

2081 3065 66 26 2000
2163 3061 56 27 KG.
2238 3063 124 26 deensche
2380 3063 21 31 ƒ
2413 3061 56 25 220,
2487 3053 100 30 laagste
2604 3054 61 34 prijs
2681 3060 66 24 2000
2764 3058 56 26 KG.
2832 3060 22 34 /
2870 3059 52 22 180.

2114 3096 39 25 De
2171 3096 74 32 oogst
2262 3094 27 26 in
2306 3102 46 19 ons
2368 3092 64 27 land
2448 3087 96 32 schijnt
2562 3094 60 17 over
2637 3089 45 25 het
2691 3090 91 33 geheel
2791 3090 47 32 vrij
2852 3089 70 26 ruim
2929 3087 72 31 uitge-

2085 3128 85 26 vallen
2186 3128 27 26 te
2231 3128 58 31 zijn,
2303 3126 66 27 doch
2388 3124 30 27 de
2435 3118 129 31 kwaliteit
2583 3126 31 18 en
2629 3119 46 27 het
2691 3123 80 26 wicht
2779 3122 51 40 zijn
2838 3120 57 27 veel
2904 3118 113 30 minder,

2081 3159 190 35 hoofdzakelijk
2288 3168 50 18 aan
2346 3159 48 25 den
2405 3152 181 32 veelvuldigen
2594 3159 77 25 regen
2679 3154 146 33 gedurende
2835 3154 50 26 den
2895 3150 125 35 oogsttijd

2081 3194 44 25 toe
2141 3193 27 26 te
2186 3191 135 33 schrijven.
2962 3215 5 5 .

2114 3226 39 26 De
2169 3223 111 34 weinige
2296 3219 215 31 buitenlandsche
2526 3219 111 32 partijen
2644 3224 50 20 van
2702 3219 50 26 den
2765 3219 74 33 oogst
2849 3226 52 18 van
2910 3219 39 25 dit
2956 3224 60 25 jaar

2082 3259 103 26 moeten
2203 3256 79 26 onder
2298 3256 31 24 de
2347 3250 195 32 middelmatige
2557 3248 128 28 kwaliteit
2701 3252 104 26 worden
2823 3250 196 33 gerangschikt.

2118 3291 57 26 Van
2191 3287 185 30 BOEKWEIT
2396 3292 86 20 waren
2502 3282 30 25 de
2550 3288 139 21 aanvoeren
2707 3292 32 19 en
2756 3283 45 25 het
2813 3283 96 27 vertier
2917 3283 38 25 dit
2962 3283 58 31 jaar

2083 3330 57 19 zeer
2165 3322 116 32 beperkt.
2315 3321 71 24 Door
2409 3318 40 25 die
2473 3315 85 26 kleine
2584 3322 143 19 aanvoeren
2753 3315 92 26 bleven
2871 3315 31 26 de
2923 3315 97 35 prijzen

2082 3353 176 28 voortdurend
2275 3359 57 18 zeer
2347 3352 77 31 hoog;
2441 3347 103 27 dezelve
2559 3346 148 27 varieerden
2724 3348 41 24 tot
2781 3356 50 18 aan
2844 3347 50 26 den
2903 3353 117 20 nieuwen

2085 3387 76 30 oogst
2185 3385 93 32 weinig
2303 3391 32 19 en
2361 3383 92 26 bleven
2479 3379 144 34 gedurende
2650 3379 31 26 de
2706 3381 80 25 eerste
2807 3383 18 24 8
2841 3379 126 27 maanden
2983 3378 37 26 als

2200 3418 74 32 143/2
2302 3438 18 4 -
2355 3412 216 28 amersfoortsche
2595 3420 50 17 van
2662 3412 28 25 af
2705 3413 24 28 ƒ
2747 3416 50 22 280
2812 3415 41 24 tot
2871 3413 25 28 ƒ
2910 3415 46 24 291
2978 3418 43 25 per

2085 3441 70 37 Las!.
2191 3454 60 26 120,
2271 3452 46 21 122
2334 3449 22 25 ff
2381 3445 177 34 hongaarsche
2577 3443 25 31 ƒ
2619 3448 47 24 270
2682 3452 15 18 a
2714 3448 54 27 285;
2787 3448 54 27 117,
2862 3448 45 24 119
2923 3445 24 25 ffi
2965 3443 56 26 dito

2085 3484 25 28 ƒ
2126 3487 48 21 260
2191 3491 15 15 a
2222 3484 64 26 268;
2317 3480 118 26 fransche
2469 3480 25 27 ƒ
2509 3481 48 22 210
2574 3485 12 5 -
2606 3480 50 24 *20
2670 3484 44 24 per
2732 3480 65 20 olm
2812 3477 58 27 KG.
2903 3478 72 24 Door
2991 3476 30 25 de

2086 3515 90 22 pronte
2210 3511 223 26 konV„Te«.<■«•-,'
2453 3519 7 1 -
2496 3510 15 12 ''
2660 3535 43 2 __
2737 3506 97 32 h"['l>e.<
2859 3506 31 22 de
2916 3513 104 20 gewone

2083 3527 155 34 gtüti-ij-i
2262 3527 171 26 meereudeels
2452 3534 56 18 zeer
2525 3533 99 26 weinig,
2642 3534 31 18 en
2691 3527 96 31 gansch
2804 3527 53 25 mot
2874 3534 102 18 vooruei
2980 3539 21 13 -u
3005 3543 14 17 h

2082 3559 132 59 fewerkt;
2239 3560 118 26 zoomede
2382 3559 65 26 door
2473 3559 31 26 de
2522 3559 86 30 lagere
2626 3557 96 32 prijzen
2740 3566 48 18 van
2805 3557 167 27 tarwebloem
2989 3568 31 17 en

2101 3600 13 17 e
2140 3593 91 31 groote
2257 3599 144 18 aanvoeren
2426 3598 48 18 van
2492 3589 124 26 russische
2634 3591 120 30 grutten;
2779 3598 51 18 van
2848 3591 60 26 deze
2926 3591 94 26 laatste

2082 3624 22 26 is
2130 3622 83 27 alhier
2238 3631 28 18 ca
2293 3624 27 26 L,
2337 3625 65 25 2300
2421 3620 170 35 gearriveerd,
2613 3628 117 17 waarvan
2747 3622 66 25 ruim
2831 3622 28 26 L.
2877 3626 65 24 2000
2957 3630 63 20 naar

2082 3656 94 26 andere
2198 3653 99 35 (vooral
2310 3663 65 19 naar
2386 3648 32 33 de
2427 3652 167 32 noordelijke)
2616 3653 143 31 provinciën
2778 3656 48 31 zijn
2838 3656 182 33 doorgevoerd.

2082 3689 86 31 Tegen
2186 3689 47 24 «len
2252 3689 116 24 nieuwen
2385 3687 76 32 oogst
2477 3686 48 28 zijn
2543 3685 30 24 de
2593 3685 94 37 prijzen
2707 3687 61 27 snel,
2786 3694 32 19 en
2835 3687 37 25 als
2890 3680 72 39 volgt
2973 3696 32 25 ge-

2082 3719 78 27 daald
2172 3729 5 17 :
2215 3720 72 30 143/2
2303 3720 22 25 i?
2342 3716 214 32 amersfoortsche
2574 3716 19 32 j
2616 3720 53 22 260.
2688 3720 54 27 250,
2760 3720 56 30 240,
2832 3723 57 27 2:50;
2909 3720 72 37 142/2
2999 3720 21 27 »

2083 3754 136 31 Gordijker
2237 3752 25 28 ƒ
2277 3755 57 28 263,
2350 3756 56 22 245.
2424 3752 50 25 229
2491 3756 44 26 per
2552 3750 69 24 Last.
2640 3749 80 28 Puike
2738 3752 175 33 hongaarsche
2931 3754 19 30 f
2965 3756 56 28 260,

2082 3785 97 31 ƒ238;
2218 3783 118 27 fransche
2347 3785 90 30 ƒ205.
2454 3785 56 26 200,
2531 3783 45 25 190
2594 3789 43 26 per
2653 3785 65 25 2100
2735 3783 56 28 KG.
2825 3785 39 25 De
2881 3787 74 31 oogst
2974 3787 45 25 der

2082 3819 98 24 nieuwe
2198 3816 128 25 boekweit
2350 3817 51 25 kan
2420 3823 59 18 men
2494 3814 27 25 in
2542 3821 51 31 ons_
2603 3813 76 31 land,
2704 3816 109 25 dooreen
2831 3826 31 24 op
2878 3817 54 26 niet
2950 3826 70 19 meer

2085 3849 50 26 dan
2156 3850 30 31 1/2
2205 3856 85 25 gewas
2306 3857 149 20 aannemen,
2473 3846 30 26 de
2517 3846 128 25 kwaliteit
2660 3846 21 25 is
2696 3849 177 26 verschillend.
2898 3850 56 26 Ook
2972 3859 48 17 van

2081 3882 46 25 het
2152 3880 151 26 buitenland
2329 3881 48 31 zijn
2407 3881 30 25 de
2463 3878 150 31 berichten,
2629 3879 72 26 mede
2728 3881 94 33 weinig
2839 3881 180 33 bevredigend.

2082 3913 162 31 Grutterijen
2270 3913 50 33 zijn
2346 3906 111 33 dooréén
2481 3918 132 30 genomen_
2629 3911 46 33 vrij
2701 3913 66 32 goed
2784 3914 131 30 voorzien,
2933 3915 87 27 vooral

2082 3954 63 18 naar
2170 3948 96 33 gelang
2289 3953 48 18 van
2363 3946 45 27 het
2433 3944 105 34 gering-
2557 3943 85 25 debiet
2652 3954 5 6 •
2675 3943 30 27 de
2722 3946 151 30 gezolderde
2890 3948 126 25 voorraad

2082 3979 104 25 bestaat
2202 3978 77 24 thans
2297 3978 53 25 uit:
2368 3981 33 21 50
2419 3977 94 25 Lasten
2531 3974 96 26 nieuwe
2637 3976 149 27 inlandsche
2796 3989 6 19 ;
2819 3981 33 21 40
2862 3979 96 25 Lasten
2967 3971 53 34 dito

2081 4009 213 28 buitenlandsche
2320 4018 31 18 en
2376 4018 52 30 nog
2445 4011 32 25 50
2493 4007 96 26 Lasten
2617 4007 84 33 jarige
2727 4010 125 26 fransche.
2885 4011 38 27 De
2942 4012 78 26 laatst

2081 4043 155 34 genoteerde
2284 4043 96 32 prijzen
2414 4043 65 31 zijn:
2518 4043 45 21 142
2597 4048 32 18 en
2667 4046 70 27 145/2
2763 4045 20 21 ii.'
2810 4044 210 26 amersfoortsche

2081 4075 25 31 ƒ
2124 4078 56 27 234,
2206 4077 57 27 243;
2291 4075 74 31 140/2
2383 4082 31 18 en
2435 4074 73 31 141/2
2526 4072 21 25 «?
2564 4071 137 33 Nijkerkor
2718 4075 24 30 ƒ
2759 4078 54 24 228,
2831 4077 56 31 231;
2909 4077 72 34 146/2
3001 4100 18 5 _

2081 4107 144 38 vroegrijpe
2251 4104 120 28 Friesche
2399 4107 24 31 ƒ
2444 4108 66 26 246;
2537 4106 72 31 140/
2620 4106 7 31 i
2637 4127 18 5 „
2675 4107 77 32 grijze
2770 4107 65 26 zand
2851 4109 26 30 ƒ
2893 4113 50 22 228
2959 4109 61 26 alles

2081 4149 46 28 per
2146 4140 70 25 Last.
2251 4139 96 26 Voorts
2365 4148 45 24 per
2427 4140 65 25 2100
2510 4136 54 25 KG.
2597 4133 150 32 inlandsche
2765 4148 61 17 veen
2837 4139 25 31 f.
2877 4144 47 21 215
2935 4149 14 17 a
2965 4144 56 24 217.

2078 4172 85 33 jarige
2197 4170 118 27 fransche
2340 4172 25 31 ƒ
2381 4174 56 24 200.
2471 4168 86 26 Thans
2583 4168 46 32 zijn
2657 4170 100 27 dezelve
2776 4172 89 26 echter
2883 4170 53 30 niet
2953 4179 67 24 meer

2078 4200 30 31 'te
2121 4204 137 34 bedingen,
2275 4212 31 19 en
2323 4204 24 27 is
2363 4214 51 18 van
2432 4200 228 35 amersfoortsche,
2685 4204 79 27 onder
2789 4205 30 26 de
2837 4206 85 31 hand,
2949 4207 71 26 reeds

2081 4238 53 25 iets
2151 4237 73 32 lager
2245 4237 133 32 afgedaan.

2157 4274 9 9 •
2466 4284 1 5 ,
2627 4284 97 6 ____^_

2113 4307 39 26 De
2170 4306 167 27 hoeveelheid
2350 4307 137 33 goederen,
2506 4302 26 26 in
2549 4302 46 26 het
2610 4304 151 35 afgeloopen
2776 4307 60 32 jaar
2846 4315 51 18 van
2906 4307 99 27 Amster-

2081 4339 59 25 dam
2167 4337 174 28 rechtstreeks
2367 4346 50 19 van
2441 4335 164 27 Amsterdam
2629 4344 65 19 naar
2720 4338 48 26 den
2786 4339 59 31 Rijn
2862 4339 158 32 verzonden,

2081 4370 72 28 heeft
2189 4367 109 31 bestaan
2331 4372 41 27 uit
2396 4370 148 31 26,185,654
2568 4367 80 33 K.G.,
2681 4372 79 32 tegen
2783 4374 148 30 24,953,518
2955 4374 65 26 K.G.

2081 4404 27 25 in
2132 4406 67 22 1868.

2114 4435 38 25 De
2169 4435 178 27 voornaamste
2366 4435 135 26 uitvoeren
2518 4430 26 26 in
2564 4433 59 25 1869
2641 4431 142 30 bestonden
2800 4433 58 27 nit:

2081 4469 131 30 3,983,988
2230 4467 56 27 KG.
2297 4468 86 33 Koffij.
2557 4467 130 30 2,196,302
2702 4468 65 27 K.G.
2779 4468 118 32 Raap-en
2903 4468 116 33 Lijnolie.

2105 4502 107 26 330,140
2246 4511 12 12 //
2293 4501 80 25 Ruwe
2392 4498 100 27 Suiker.
2582 4500 104 26 801,176
2721 4512 11 12 «
2766 4500 77 27 Rijst.

2121 4533 90 28 24,033
2245 4543 12 12 «
2290 4532 92 27 Cacao.
2581 4531 102 31 227,081
2721 4543 12 13 //
2769 4530 128 35 Salpeter.

2107 4566 100 27 121,461
2245 4576 12 12 1,
2291 4565 97 26 Tarwe.
2597 4565 87 26 97,007
2720 4576 12 12 «
2766 4564 91 33 Peper.

2105 4597 106 25 409,6.50
2244 4606 12 12 //
2290 4597 97 33 Rogge.
2597 4597 86 28 67,414
2719 4606 12 14 »
2765 4596 67 26 Java
2851 4596 97 27 Tabak.

2107 4630 102 27 108,239
2244 4641 12 11 «
2291 4630 86 26 Garst.
2580 4629 105 28 229,158
2721 4639 13 14 »
2767 4629 73 25 Teer.

2102 4663 107 25 433,927
2244 4671 12 14 *
2290 4663 74 25 Hars.
2596 4662 87 26 50,488
2722 4672 12 12 «
2769 4662 57 25 Tin.

2121 4694 87 27 45,889
2244 4704 11 13 «
2289 4694 111 27 Huiden.
2578 4693 104 30 372,053
2720 4704 11 12 «
2765 4693 93 27 Traan.

2105 4728 105 26 536,126
2244 4739 12 11 «
2290 4728 112 25 Katoen.
2610 4728 72 25 7,096
2721 4737 9 9 »
2766 4727 100 31 Indigo.

2120 4760 91 25 25.173
2245 4769 12 12 «
2293 4760 93 32 Koper.
2555 4756 128 31 2,845,182
2719 4768 11 13 «
2766 4757 94 27 Zaden.

2120 4792 90 28 74,132
2244 4802 12 12 «
2290 4792 124 26 Krenten.

2115 4871 247 28 lIOKR-OVD
2374 4887 8 18 ,
2407 4872 30 25 31
2466 4867 60 26 Dec.
2562 4867 38 34 Op
2624 4869 31 28 de
2674 4871 84 27 heden
2774 4870 136 34 gehouden
2927 4869 91 34 groote

2081 4903 157 27 weekmarkt
2255 4906 61 31 gold
2335 4905 31 26 de
2385 4905 89 25 Tarwe
2491 4899 25 31 ƒ
2528 4903 52 22 14a
2590 4905 77 24 14.25
2685 4912 45 25 per
2748 4907 45 22 126
2811 4904 57 26 KG.
2884 4917 32 5 —
2935 4903 83 31 Rogge

2081 4937 25 32 f
2118 4938 78 25 10.60
2213 4944 45 25 per
2277 4941 45 27 117
2340 4937 57 26 KG.
2414 4949 32 4 —
2464 4932 79 27 Garst
2552 4932 25 31 f
2587 4937 15 24 9
2617 4937 33 24 30
2667 4944 45 25 per
2727 4939 32 24 95
2777 4936 56 27 KG.
2852 4936 165 24 —Boekweit

2081 4969 26 30 ƒ
2119 4970 65 25 9.25
2200 4977 45 24 per
2264 4972 45 24 100
2327 4970 57 26 KG.
2401 4982 32 4 —
2451 4965 92 26 Haver
2559 4965 24 31 ƒ
2593 4969 69 31 6per
2676 4971 33 25 70
2726 4969 56 26 KG.
2793 4983 32 4 —
2835 4967 183 31 Aardappelen

2081 5001 26 30 f
2107 5003 65 24 3.25
2183 5009 15 15 a
2206 5003 64 25 3.40
2280 5010 45 26 per
2334 5001 56 27 HL.
2400 5015 31 2 —
2440 4997 78 27 Vette
2531 4997 117 28 Varkens
2655 5003 32 24 30
2695 5009 17 18 a
2720 4998 64 35 32tyï
2794 5008 20 19 c.
2825 5007 45 27 per
2882 4998 28 33 l/s
2921 4998 57 26 KG.
2987 5013 31 4 —

2081 5034 80 25 Boter
2178 5035 33 22 52
2226 5042 17 17 a
2254 5037 31 24 54
2302 5042 20 19 c.
2341 5041 46 27 per
2406 5031 27 33 Va
2453 5030 57 26 KG.
2528 5043 31 5 —
2576 5031 92 26 Eieren
2683 5036 17 22 4
2708 5042 17 17 a
2733 5034 47 31 41/2
2800 5041 20 17 c.
2838 5039 45 26 per
2902 5030 66 25 stuk.
2987 5043 31 5 —

2082 5065 151 27 Koehuiden
2250 5068 30 25 21
2301 5074 20 19 c.
2339 5073 46 27 per
2404 5066 28 32 l/g
2451 5061 56 28 KG.
2526 5076 31 5 —
2576 5063 196 28 Kalvcrhuiden
2787 5068 32 22 30
2829 5073 15 17 a
2854 5063 63 32 311/2
2935 5070 20 18 c-
2973 5069 45 26 per

2082 5100 30 31 1/2
2131 5096 57 27 KG.
2205 5112 32 4 —
2252 5099 230 33 Schapenvachten
2493 5094 25 32 f
2532 5098 61 24 1.50
2610 5105 15 18 a
2644 5100 63 24 1.55
2724 5106 45 26 per
2785 5096 69 27 stuk.
2872 5112 31 2 —
2922 5096 96 30 Biggen

2081 5138 52 17 van
2150 5133 15 21 4
2181 5138 15 15 a
2213 5133 15 21 5
2248 5132 87 25 weken
2350 5131 24 30 ƒ
2392 5133 15 24 7
2425 5133 33 21 25
2466 5137 17 17 a
2490 5131 80 25 7.50,
2588 5137 44 24 per
2650 5130 69 26 stuk.
2735 5131 120 25 Aanvoer
2869 5131 48 24 200
2929 5127 84 26 stuks.

2113 5161 227 34 HAMBURG,
2361 5166 28 24 31
2418 5163 60 26 Dec.
2513 5159 83 33 Koffie
2613 5163 54 25 met
2683 5163 152 32 levendigen
2854 5163 84 25 omzet
2955 5169 63 18 voor

2081 5194 128 30 behoefte,
2225 5196 43 25 tot
2283 5204 59 18 zeer
2357 5196 67 25 volle
2443 5193 103 34 prijzen,
2564 5194 78 25 onder
2660 5196 80 25 welke
2758 5196 54 25 niet
2830 5198 26 21 te
2874 5196 67 30 koop
2957 5202 58 18 was.

2080 5228 40 25 De
2145 5226 145 33 verkoopen
2297 5228 143 25 bestonden
2453 5226 58 25 deze
2523 5225 70 25 week
2610 5226 38 25 uit
2667 5230 78 24 15000
2753 5228 25 25 b.
2789 5226 99 25 diverse
2906 5226 110 24 soorten.

2081 5259 39 26 De
2138 5258 125 26 voorraad
2281 5259 84 26 wordt
2381 5268 32 25 op
2431 5263 32 24 35
2483 5257 116 26 millioen
2619 5281 17 4 „
2655 5261 115 31 geschat.
2789 5274 31 4 —
2837 5258 33 25 Lu
2887 5258 93 25 Suiker
2995 5257 22 26 is

2081 5293 66 25 niets
2166 5300 48 17 van
2232 5291 74 38 eenig
2323 5293 96 30 belang
2435 5298 149 24 omgegaan.
2611 5290 404 32 Voorraadca.il/2millioen-;

2080 5322 177 33 geraffineerd,
2267 5322 34 34 bij
2310 5323 155 34 geregelden
2473 5322 84 27 aftrek
2568 5322 132 27 volkomen
2709 5320 190 37 prijshoudend.
2909 5336 32 5 —
2949 5322 69 32 Rijst

2081 5356 130 26 lusteloos.
2220 5370 31 4 —
2262 5355 69 26 Voor
2341 5357 103 26 Katoen
2460 5356 94 32 schijnt
2563 5355 41 26 tot
2621 5356 135 33 langzaam
2778 5355 125 32 stijgende
2922 5355 94 32 prijzen

2080 5396 70 18 meer
2174 5395 80 25 vraag
2281 5396 31 24 op
2336 5389 26 24 te
2381 5388 104 31 komen;
2503 5388 116 33 omgezet
2635 5388 103 25 werden
2758 5392 60 21 1020
2836 5387 24 25 b.
2877 5387 83 25 Ceara
2975 5387 43 24 tot

2083 5425 28 22 12
2128 5420 61 31 sch.,
2209 5427 37 19 ca.
2270 5424 65 22 2400
2361 5428 50 18 eer.
2428 5421 94 26 Santos
2539 5420 57 26 loco
2617 5420 47 32 115/
2665 5433 12 18 8
2694 5430 15 17 a
2730 5420 60 33 121/
2796 5420 8 33 a
2809 5419 52 26 sch.
2871 5426 37 18 ca.
2929 5420 45 22 100
2992 5418 22 26 b.

2081 5453 87 26 Valles
2179 5460 31 24 op
2218 5453 117 32 levering
2347 5457 26 22 11
2385 5453 52 26 sch.
2447 5469 32 4 —
2491 5454 85 25 Tabak
2593 5453 98 25 kalmer
2708 5452 129 33 gestemd;
2850 5451 32 25 de
2890 5451 125 31 volgende

2081 5485 111 33 partijen
2217 5484 99 26 vonden
2334 5492 112 25 nemers;
2463 5487 47 25 976
2530 5492 48 19 eer.
2596 5485 78 26 I.Tara
2692 5485 80 31 Cuba,
2793 5485 103 25 196eer.
2915 5481 102 26 Braziel

2081 5525 31 18 en
2127 5519 66 24 2123
2211 5524 45 26 per
2272 5517 63 27 dito.
2354 5531 32 6 —
2404 5518 107 26 Huiden
2528 5518 93 26 bleven
2637 5518 106 31 gunstig
2753 5516 123 34 gestemd,
2895 5515 122 26 ofschoon

2081 5557 65 25 geen
2172 5549 172 32 omzettingen
2369 5550 100 26 bekend
2498 5551 109 25 werden.
2639 5549 48 33 Wij
2714 5550 97 25 sluiten
2826 5550 47 24 het
2887 5548 60 32 jaar
2962 5549 54 22 met

2081 5589 47 18 een
2153 5581 124 25 voorraad
2306 5589 50 18 van
2373 5589 34 18 ca.
2428 5584 66 25 2500
2511 5583 74 26 stuks
2602 5589 26 18 in
2646 5577 37 30 de'
2695 5583 83 25 eerste
2796 5580 77 28 hand.
2888 5595 31 2 —
2941 5578 61 34 Verf-

2081 5616 97 25 houten
2205 5613 96 32 blijven
2328 5616 138 31 gevraagd,
2491 5616 27 26 in
2542 5616 46 25 het
2603 5615 130 32 bijzonder
2751 5615 122 30 ladingen
2890 5613 41 24 die
2948 5611 69 26 later

2080 5644 131 27 verwacht
2229 5646 111 25 worden.
2361 5660 31 5 —
2407 5648 126 31 Raapolie
2550 5647 59 27 loko
2627 5655 32 24 op
2675 5647 116 31 Januarij
2811 5642 64 34 _57/g
2891 5643 51 25 mb.
2954 5643 46 25 Mei-

2081 5676 117 33 levering
2224 5678 63 30 251/2
2313 5686 15 17 a
2352 5679 71 33 251/4.
2448 5679 132 28 Voorraad
2604 5687 46 25 per
2669 5681 144 27 15—17000
2831 5678 91 26 centen
2937 5676 78 31 tegen

2081 5713 84 22 40000
2192 5711 151 25 centenaars
2361 5711 52 26 Uit.
2437 5712 60 27 Dec.
2518 5715 40 25 186
2558 5715 28 25 S.
2606 5726 31 5 —
2653 5713 106 28 Lijnolie
2773 5712 58 26 loco
2846 5713 30 24 21
2896 5708 52 26 mb.
2967 5717 47 17 van

2081 5743 59 25 Jan.
2153 5741 86 25 Maart
2249 5745 28 22 21
2283 5744 30 28 l/a,
2322 5741 51 27 mb.
2381 5757 32 6 —
2425 5745 105 27 Granen
2538 5752 61 20 over
2608 5744 45 25 het
2662 5744 130 34 algemeen
2802 5744 58 26 vast
2870 5741 65 26 doch
2952 5750 47 18 zon-

2081 5774 46 26 der
2143 5772 154 34 levendigen
2310 5773 103 28 handel.
2431 5777 119 28 Gisteren
2567 5777 102 27 werden
2683 5779 32 25 25
2732 5778 52 25 last
2803 5779 46 24 128
2858 5777 24 24 v?
2891 5774 124 26 Warener

2081 5810 80 22 tarwe
2179 5807 41 24 tot
2238 5810 46 21 115
2301 5815 33 18 rs.
2352 5809 131 26 verkocht.

2117 5839 190 30 BREINEN,
2326 5842 27 24 31
2373 5839 60 27 Dec.
2453 5843 92 26 Tabak.
2580 5841 39 25 De
2634 5841 144 33 verkoopen
2798 5839 145 26 bestonden
2955 5838 58 26 deze

2081 5871 71 26 week
2177 5870 40 25 uit
2242 5872 33 25 78
2300 5878 22 19 v.
2349 5871 74 33 Ohio,
2445 5877 31 22 64
2493 5883 22 17 v.
2535 5872 102 30 Scrubs,
2659 5877 43 21 105
2719 5882 22 19 v.
2760 5870 145 37 Maryland,
2926 5874 43 25 171
2991 5878 22 18 v.

2082 5903 118 40 Virginy,
2235 5904 32 24 54
2291 5910 24 18 v.
2341 5903 137 38 Kentucky
2503 5915 32 18 en
2561 5908 32 24 48
2608 5913 24 18 v.
2650 5904 94 28 Stelen.
2780 5907 38 26 De
2836 5904 126 26 voorraad
2983 5911 30 25 op

2080 5936 84 27 heden
2183 5934 124 34 bedraagt
2323 5937 32 26 87
2372 5944 24 19 v.
2421 5937 71 32 Baai,
2512 5942 61 25 1079
2591 5946 24 19 v.
2633 5937 73 31 Ohio,
2724 5943 32 22 33
2772 5948 24 17 v.
2815 5937 103 30 Scrubs,
2933 5939 50 25 302
2991 5943 22 19 v.

2080 5967 146 34 Marj'land,
2243 5970 50 24 220
2308 5976 24 18 v.
2350 5969 115 35 Virginy,
2483 5976 47 25 617
2548 5979 22 18 v.
2596 5970 137 34 Kentucky
2750 5980 32 18 en
2797 5974 65 25 2074
2880 5978 22 18 v.
2917 5969 96 26 Stelen.

2160 6037 207 43 Fondsen
2396 6037 59 43 en
2485 6037 443 43 Beurstijdingen.

2113 6096 39 30 Op
2170 6096 32 22 de
2218 6096 164 31 geldleening
2399 6097 76 32 groot
2483 6097 26 31 ƒ
2517 6096 100 30 70,000,
2635 6096 124 26 rentende
2777 6099 15 21 5
2810 6096 74 32 pCt.,
2903 6096 45 24 ten
2965 6096 32 24 be-

2078 6125 81 26 hoeve
2185 6132 50 18 van
2261 6124 45 26 het
2328 6126 119 26 Gesticht
2463 6137 64 18 voor
2544 6126 209 33 Krankzinnigen
2770 6129 26 24 te
2815 6128 128 25 Utrecht.
2961 6132 51 18 was

2078 6158 79 31 tegen
2180 6156 184 27 verschillende
2388 6158 106 28 koersen
2518 6165 63 19 voor
2606 6158 30 25 de
2653 6162 54 22 Som
2724 6168 50 18 van
2783 6159 26 31 ƒ
2823 6162 102 27 193,000
2941 6158 57 31 inge-

2078 6184 131 32 schreven.
2226 6189 119 26 Daarvan
2354 6191 22 25 is
2386 6191 174 34 toegewezen:
2570 6191 25 30 ƒ
2603 6194 87 24 25.001)
2700 6201 14 17 a
2727 6197 40 20 101
2789 6191 59 34 pCt.
2857 6200 31 18 en
2898 6191 25 31 ƒ
2927 6193 85 27 10,000

2076 6230 15 17 a
2112 6221 78 32 IOOS/s
2209 6221 57 32 pCt.
2283 6230 50 17 aan
2349 6224 31 24 de
2398 6224 64 26 wed.
2480 6227 28 25 B.
2528 6222 83 28 Polak
2621 6223 70 27 &C.
2698 6224 27 26 te
2734 6224 155 26 Rotterdam
2897 6231 7 24 -,
2913 6222 27 32 ƒ
2948 6224 64 26 2000

2076 6263 15 17 a
2120 6256 46 24 100
2170 6253 27 30 r>'s
2224 6253 58 33 pCt.
2308 6263 31 17 en
2356 6256 25 28 ƒ
2389 6259 65 24 2000
2470 6267 15 17 a
2505 6256 77 33 IOOVs
2608 6255 57 34 pCt.
2692 6266 47 17 aan
2766 6257 78 25 Vlaer
2870 6263 31 18 en
2919 6255 51 26 Kol
2986 6256 26 24 te

2076 6286 128 30 Utrecht,
2222 6286 26 30 ƒ
2259 6289 86 25 10,000
2361 6295 15 19 a
2396 6291 73 25 lOtn..
2498 6289 59 34 pCt.
2582 6295 31 18 en
2630 6288 98 30 ƒ5OOO
2745 6296 14 19 a
2780 6291 45 26 100
2842 6288 58 34 pCt.
2917 6296 48 19 aan
2985 6287 27 28 C.

2076 6320 126 25 Oortman
2222 6319 21 25 &
2259 6320 70 26 Zoon
2346 6321 26 22 te
2389 6321 125 33 Utrecht;
2533 6321 99 32 ƒ7OOO
2649 6326 15 20 a
2683 6320 312 34 lOOV4pCt.aanA.Oort-

2076 6359 59 18 man
2153 6373 20 4 „
2191 6351 69 25 Zoon
2277 6352 26 25 te
2323 6352 128 33 Utrecht;
2469 6346 98 38 ƒ4OOO
2583 6361 15 17 a
2621 6352 76 32 1001/4
2713 6353 58 34 pCt.
2790 6363 30 17 en
2830 6354 25 30 ƒ
2864 6357 65 22 3000
2942 6361 14 17 a
2969 6357 43 22 100

2076 6384 58 33 pCt.
2153 6391 48 18 aan
2220 6381 175 37 Huijdecoper
2412 6387 22 25 k
2450 6394 51 19 van
2517 6386 92 27 Dielen
2626 6385 26 25 te
2670 6386 111 26 Utrecht
2796 6394 32 18 en
2836 6386 25 30 ƒ
2869 6390 65 22 2000
2942 6394 15 17 a
2969 6389 43 22 100

2076 6417 57 30 pCt.
2152 6424 50 17 aan
2224 6416 77 26 Gebr.
2321 6418 117 28 Aikema,
2456 6419 26 25 te
2498 6418 172 27 Amsterdam.

2140 6487 181 41 Gouden
2350 6487 60 41 en
2440 6487 240 41 Zilveren
2709 6487 240 41 Specien.

2108 6539 178 31 10-Guldenst.
2313 6543 116 30 ƒ9.858
2439 6546 79 31 9.95;
2535 6541 188 28 Ger.Dncaten
2740 6543 32 26 fr,
2790 6540 222 34 65a5.75,Eng.

2073 6573 77 26 Souv.
2159 6576 24 27 ƒ
2196 6578 78 24 11.90
2282 6583 15 18 a
2309 6580 37 22 12.
2357 6591 30 4 —
2398 6586 6 21 ;
2414 6576 113 25 Pistolen
2548 6578 15 26 f
2574 6576 14 25 9
2606 6576 32 25 70
2646 6581 14 18 a
2669 6576 47 28 80;
2725 6575 78 25 Louis
2812 6575 61 26 dOr
2883 6575 125 31 f—.—.

2073 6606 38 25 St.
2130 6613 50 18 van
2196 6611 32 22 20
2245 6608 30 25 fr.
2294 6609 24 31 ƒ
2326 6611 65 24 9.45
2400 6618 14 15 a
2424 6612 46 27 55;
2489 6608 84 26 Baren
2590 6605 74 28 Goud
2682 6614 30 17 en
2726 6606 106 35 Speciën
2842 6614 17 19 a
2867 6607 26 33 ƒ
2901 6607 112 26 1442.60

2072 6646 46 27 per
2137 6639 22 26 (ï
2181 6639 46 35 fijn
2248 6643 15 32 H
2263 6643 33 32 3
2296 6654 12 19 /4
2326 6650 15 18 a
2361 6643 48 32 12i/
2409 6654 13 19 4
2440 6643 74 32 pCt.;
2541 6641 61 31 fijne
2620 6639 84 26 Baren
2722 6648 48 17 van
2856 6657 31 15 aM
2907 6640 41 24 tot
2965 6641 48 22 950

2072 6672 78 30 ƒ—.
2157 6667 63 32 —'a
2237 6686 96 20 —.—;
2352 6674 85 26 Baren
2454 6674 84 25 Zilver
2555 6676 48 22 900
2620 6673 40 24 tot
2678 6673 180 28 300/104.50
2876 6680 15 17 a
2902 6674 111 26 105.20;

2072 6705 115 26 Piasters
2203 6706 25 31 ƒ
2236 6709 66 24 2.50
2320 6715 14 18 a
2350 6709 81 25 2.60;
2450 6706 130 26 Fransche
2597 6705 120 27 Kroonen
2735 6704 98 31 ƒ2.70
2850 6706 17 28 a
2867 6706 89 28 2.75;
2974 6703 38 26 St.

2072 6745 50 20 van
2139 6742 17 24 5
2172 6739 31 26 fr.
2222 6739 48 31 ƒ2
2288 6742 32 24 34
2336 6748 15 18 a
2366 6743 80 25 2.37;
2465 6739 77 26 Brab.
2562 6739 118 26 Kroonen
2699 6737 50 31 ƒ2
2766 6739 80 25 65a2
2863 6741 47 28 70;
2928 6736 84 27 Pruis.

2078 6771 124 27 Daalders
2225 6772 17 30 f
2257 6775 59 27 1,73
2334 6780 14 19 a
2369 6775 67 25 1.76.

3266 161 458 2 Scheepstijdingen.

3244 187 125 31 (Behalve
3387 188 72 26 reeds
3475 194 47 25 per
3539 188 124 31 telegram
3683 183 132 34 gemelde).

3074 228 136 34 Gepraald,
3219 233 17 24 5
3243 230 69 32 Dcc;
3322 236 32 27 op
3365 230 41 27 12°
3415 230 32 27 N.
3455 230 53 32 Br.,
3516 230 44 26 30°
3569 227 43 30 W.
3624 229 38 27 L,:
3679 223 197 33 Grootmeester
3883 221 83 31 Natio-

3045 262 64 28 naal,
3120 262 69 33 kapt.
3198 262 96 30 Giesse,
3304 262 58 26 Bat.
3371 272 25 18 n.
3405 262 154 26 Dordrecht.
3867 286 15 9 „
3930 286 4 9 ,
3954 286 18 9 „

3074 294 224 30 AMSTERDAM,
3317 298 14 22 2
3348 295 59 26 Jan.
3433 295 52 25 Het
3503 294 72 39 schip
3583 292 83 35 Lydia
3674 291 100 31 Hilton,
3784 289 71 30 kapt,
3866 286 116 31 Sawtell,

3045 330 48 21 van
3110 325 92 28 Galatz
3219 326 151 32 herwaarts,
3387 327 28 32 is,
3433 327 106 33 volgens
3557 324 126 35 telegram
3700 325 39 26 uit
3756 319 113 35 Londen,
3879 321 41 26 dd,
3931 327 39 27 gis-

3045 358 79 28 teren,
3141 360 54 22 met
3213 366 198 25 overgeworpen
3426 359 91 37 lading
3533 360 27 24 te
3576 359 142 31 Ramsgate
3737 354 220 32 binnengesleept.

3077 383 152 32 Gedurende
3253 390 46 26 het
3321 390 59 34 jaar
3406 393 60 24 1869
3487 390 51 34 zijn
3552 389 223 32 binnengekomen
3791 387 27 27 te
3834 384 136 30 Hellevoet-

3045 419 63 26 sluis
3124 424 64 22 2810
3206 420 124 34 schepen,
3354 422 150 27 waaronder
3524 430 65 19 van:
3615 420 161 34 Algoa-Baai
3795 424 28 27 1,
3840 417 93 35 Akyab
3951 419 32 27 3,

3045 451 148 34 Archangel
3219 456 45 26 11,
3288 452 83 27 Bahia
3387 457 32 28 2,
3445 452 143 28 Baltimore
3607 451 177 33 12,-Banana
3804 454 44 30 11,
3873 446 96 37 Banjoe-

3046 483 100 33 wangie
3162 487 47 28 23,
3234 484 106 27 Bassein
3356 489 32 28 2,
3412 484 110 30 Batavia
3539 488 46 30 60,
3602 484 103 34 Bergen
3722 487 46 31 41,
3785 483 136 27 Bordeaux
3935 483 50 31 25,

3046 516 111 27 Breinen
3175 519 44 28 19,
3237 516 97 27 Bristol
3353 521 41 27 19,
3410 517 197 33 Buenos-Ayres
3622 520 24 27 4,
3664 517 90 26 Callao
3772 519 39 27 25,
3829 515 115 28 Curacao
3963 515 22 28 1,

3046 547 113 34 Dantzig
3176 549 38 26 74,
3231 547 141 35 Demerary
3391 550 30 28 l,
3436 549 210 27 Foo-Chew-Foo
3661 552 28 30 3,
3709 547 122 31 Glasgow
3847 549 40 28 33,
3904 543 81 32 Goole

3046 582 48 26 98,
3113 578 170 34 Gothenburg
3299 582 47 26 24,
3365 581 120 37 Grimsby
3502 583 47 27 68,
3566 581 76 27 Haïti
3661 585 26 25 1,
3706 580 144 35 Hamburg,
3867 581 47 27 60,
3932 576 37 27 Ha-

3046 618 67 19 vana
3133 613 19 28 1,
3170 609 87 27 Havre
3274 613 39 28 51,
3330 606 85 39 Hiogo
3435 613 97 30 l.Hull
3550 615 58 27 175,
3625 611 98 30 Ibraïla
3739 614 24 27 8,
3780 611 109 34 Iquique
3906 613 22 28 4,
3939 608 32 28 Ja-

3047 641 83 30 maica
3138 646 22 27 5,
3178 641 215 33 Koningsbergen
3400 647 39 27 20,
3449 645 67 26 Kust
3527 653 50 18 van
3586 645 100 28 Guinea
3694 647 24 27 3,
3728 644 136 32 Laguayra
3876 646 20 27 l,
3909 641 78 27 Leith

3048 678 39 27 96,
3097 673 83 26 Libau
3188 678 39 27 33,
3237 673 124 26 Lissabon
3366 678 40 27 27,
3415 674 136 34 Liverpool
3560 680 39 28 76,
3608 676 105 27 Londen
3722 678 57 28 286,
3784 673 109 27 Manilla
3904 673 67 32 l,Ma-

3047 706 104 27 racaïbo
3159 710 22 27 3,
3193 706 39 26 Ne
3234 705 103 27 wcastle
3343 707 56 27 259,
3405 706 37 26 Ne
3446 709 104 25 w-Vork
3556 712 40 26 27,
3602 709 109 32 Padang
3717 712 22 26 4,
3744 706 146 26 Pasaroean
3896 709 22 27 4,
3925 705 47 27 Phi-

3048 738 131 40 ladelphia
3203 741 40 27 25,
3268 737 220 27 Port-au-Prince
3504 743 24 27 2,
3544 741 126 33 Rangoon
3692 744 34 27 10,
3745 738 90 26 R«_on
3850 741 40 28 46,
3908 737 64 27 Rich-

3048 764 79 33 mond
3145 772 21 28 1,
3184 770 67 32 Riga
3267 771 40 27 83,
3325 768 168 30 Rio-Janeiro
3508 774 24 27 6,
3548 772 107 26 Rouaan
3672 776 39 27 21,
3731 771 96 33 Saigon
3846 774 38 28 13,
3898 771 72 26 Sama-

3048 810 65 25 rang
3132 804 21 27 4,
3172 802 93 26 Santos
3282 804 22 26 4,
3322 800 158 35 Petersburg
3498 804 39 28 63,
3554 804 38 26 St.
3609 804 70 26 Übes
3694 808 43 27 20,
3746 803 103 27 Smima
3857 804 22 28 8,
3889 802 85 34 Tjilat-

3046 836 47 33 jap
3110 837 24 27 2,
3150 834 85 26 Triest
3250 836 25 27 9,
3291 831 174 34 Wilmington
3480 836 18 24 3
3507 842 32 18 en
3555 836 80 26 Zante
3645 840 22 22 4.
3685 836 35 26 Te
3729 835 97 27 Brielle
3836 837 56 28 423,
3901 841 70 20 waar-

3048 867 80 26 onder
3152 874 66 18 van:
3250 865 169 26 Duinkerken
3441 868 39 26 39,
3497 865 123 30 Harwich
3639 872 45 24 143
3700 876 32 18 en
3749 868 106 26 Londen
3874 869 53 26 172.
3952 867 35 26 Te

3048 898 222 28 Brouwershaven
3287 900 56 27 478,
3360 893 149 28 waaronder
3526 905 65 19 van:
3608 900 92 33 Akyab
3713 905 25 26 2,
3749 900 142 26 Baltimore
3901 902 22 26 5,
3933 898 37 27 Ba-

3051 941 67 17 nana
3139 934 20 26 1,
3178 928 198 34 Banjoewangie
3398 933 35 26 13,
3451 928 105 26 Bassein
3573 933 24 27 4,
3612 931 110 26 Batavia
3738 937 39 26 39,
3788 932 201 32 Buenos-Ayres

3053 967 20 27 1,
3090 964 90 27 Callao
3196 966 40 26 25,
3255 961 113 27 Dantzig
3383 964 41 26 21,
3441 960 110 26 Havana
3569 964 19 26 1,
3596 961 85 34 Hiogo
3694 967 19 26 1,
3723 964 109 33 Iquique
3843 967 20 27 1,
3873 964 116 26 Jamaica

3050 1000 25 27 2,
3091 997 39 26 Ne
3133 994 128 28 w-Castte
3278 997 39 27 65,
3335 993 149 26 New-York
3506 996 34 27 13,
3557 993 107 33 Padang
3681 999 22 26 3,
3715 996 145 26 Pasaroean
3868 1000 24 25 2,
3902 997 73 25 Phila-

3052 1029 104 34 delphia
3184 1031 43 27 11,
3244 1028 126 31 Rangoon
3387 1029 32 26 9,
3439 1024 67 33 Riga
3524 1028 38 26 13,
3581 1025 145 33 Soerabaya
3743 1031 15 21 9
3776 1036 31 15 en
3823 1026 124 34 Tjilatjap
3966 1031 22 22 2.

3052 1063 34 25 Te
3094 1054 8 8 *
3112 1061 128 26 Zierikzee
3267 1062 43 27 99,
3327 1056 151 28 waaronder
3493 1064 65 18 van:
3583 1057 143 27 Baltimore
3746 1063 27 25 1,
3793 1058 197 34 Banjoewangie

3051 1097 24 27 3,
3092 1094 110 26 Batavia
3222 1095 37 27 11,
3276 1090 203 32 Buenos-Ayres
3497 1091 21 26 1,
3536 1088 89 26 Callao
3645 1091 20 26 1,
3683 1090 67 32 Frey
3763 1085 96 31 Bento's
3870 1093 102 28 ],Mara-

3053 1127 72 25 caïbo
3146 1129 19 26 1,
3184 1123 168 27 New-Castlc
3369 1126 40 26 23,
3426 1120 150 27 New-York
3594 1123 22 26 4,
3634 1120 109 33 Padang
3762 1124 20 26 1,
3804 1122 145 27 Pasaroean
3969 1127 21 28 1,

3053 1157 182 34 Philadelphia
3250 1160 25 26 2,
3292 1155 113 34 Pisagua
3425 1157 19 27 1,
3463 1153 126 32 Rangoon
3609 1156 8 20 1
3638 1161 32 17 en
3687 1154 67 31 Riga
3774 1156 24 21 5.

3085 1188 208 31 CUXHAVEN,
3309 1192 33 22 30
3363 1188 56 25 Dec.
3452 1186 53 25 Het
3530 1183 96 26 nederl.
3653 1185 71 31 schip
3743 1185 115 30 Gesiena,
3875 1186 116 33 kapitein

3052 1225 87 30 Deen,
3157 1231 50 18 van
3223 1221 96 26 Memel
3334 1228 64 18 naar
3413 1218 144 33 Vegesack,
3575 1218 21 25 is
3614 1217 83 25 alhier
3715 1217 228 33 binnongeloopen.

3085 1271 32 4 —
3133 1256 53 25 Het
3203 1254 84 26 alhier
3302 1253 177 33 aangekomen
3496 1250 72 33 schip
3583 1250 124 31 Jantina,
3732 1248 71 32 kapt.
3820 1248 171 34 Lunenborg,

3053 1297 51 18 van
3125 1287 100 32 Bergen
3237 1306 5 9 ,
3259 1286 22 26 is
3300 1286 50 25 lek.
3563 1305 4 2 .

3085 1336 31 2 —
3137 1324 9 21 1
3167 1319 58 26 Jan.
3247 1319 39 25 Do
3302 1316 128 34 volgende
3448 1312 204 28 nederlandsche
3672 1313 110 32 schepen
3798 1319 51 24 zijn
3866 1312 83 25 alhier
3965 1320 27 18 in

3053 1352 31 26 de
3109 1352 84 26 haven
3219 1350 120 33 liggende
3350 1358 6 17 :
3374 1346 98 31 Vrede;
3490 1345 136 26 Elizabeth
3643 1344 200 30 Kloosterboer;
3859 1344 133 32 Minerva;

3052 1384 138 27 Klaassina
3214 1382 123 31 Jantina;
3361 1380 72 38 Inje;
3456 1380 97 26 Luctor
3572 1385 31 18 en
3619 1377 119 33 Energo;
3756 1375 111 31 Gezina;
3883 1375 107 33 Redite;

3146 1426 20 18 1-
3189 1415 174 32 Herstelling;
3379 1415 149 22 Hermanna
3544 1419 32 18 en
3594 1410 113 26 Antonia
3725 1408 267 27 HendrikaCarolma.

3086 1448 190 31 PENZANCE,
3294 1449 28 25 31
3343 1448 61 24 Dec.
3430 1444 53 25 Het
3500 1443 72 32 schip
3589 1442 171 33 Königsberg,
3772 1440 71 33 kapt.
3855 1439 78 30 Halb,
3943 1448 51 17 van

3052 1481 209 34 Buenos-Ayres,
3279 1480 22 26 is
3317 1479 33 33 bij
3369 1476 137 27 Landsend
3521 1475 84 26 totaal
3615 1475 177 33 verongelukt,
3803 1472 65 27 doch
3878 1472 45 25 het
3933 1472 60 26 volk

3052 1517 54 19 met
3321 1520 50 15 van
3387 1511 46 25 één
3451 1518 60 17 man

3370 1544 319 24 BINNENGEKOMEN.

3085 1591 120 28 TEXEL,
3220 1593 11 21 1
3241 1590 67 28 Jan.,
3317 1587 78 31 Z.W.;
3407 1587 91 30 Hawk,
3511 1586 33 31 S.,
3554 1586 72 25 Huil.
3637 1599 14 4 -
3661 1586 91 30 Helge,
3764 1586 33 27 S.,
3806 1586 116 28 Dantzig
3930 1589 64 18 naar

3053 1624 81 26 Rott..
3145 1622 39 26 als
3193 1622 133 30 bijlegger.

3086 1651 313 31 HELLEVOETSLUIS,
3412 1654 8 22 1
3433 1650 66 30 Jan.,
3510 1650 77 30 Z.W.;
3598 1649 110 30 Levant,
3717 1646 33 32 S.,
3759 1648 96 26 Havre.

3086 1684 254 33 HARLINGEN,29
3350 1684 70 30 Dcc;
3428 1680 402 33 H_lechienaWilkens,Kassi«-,
3839 1678 155 34 Laurvig.—

3054 1726 33 24 30
3103 1722 70 30 Dcc;
3189 1720 143 33 European,
3347 1716 118 33 S.,Hull;
3485 1720 8 22 1
3506 1716 58 26 Jan.
3573 1715 85 26 weder
3667 1715 141 26 derwaarts
3816 1713 136 34 teruggek.
3963 1727 31 5 —

3054 1759 28 24 31
3094 1754 69 31 Dcc;
3174 1753 97 27 Vrouw
3278 1750 113 32 Martha,
3400 1749 74 31 Ebes,
3484 1748 119 27 Windau.

3087 1787 39 33 Op
3136 1786 31 27 de
3175 1786 98 28 ELVE,
3282 1788 33 24 30
3324 1785 70 30 Dcc;
3402 1782 93 32 Arche,
3506 1782 98 31 Krohn,
3615 1781 92 27 Dordt.

3086 1818 222 32 LANGESUND,
3322 1821 26 22 11
3360 1818 69 27 Dcc,
3439 1814 129 33 Helvetia,
3579 1815 105 30 Larscn,
3694 1814 72 27 Rott.

3086 1851 156 27 ELSENEU
3250 1852 66 28 8,29
3328 1852 66 25 Dcc;
3405 1850 74 31 Anje,
3489 1848 85 28 Klein,
3583 1847 177 32 Kopenhagen
3771 1854 25 17 n.
3806 1844 145 27 Halmstad.

3087 1881 150 31 LONDEN,
3249 1886 33 20 30
3289 1881 70 28 Doe;
3367 1880 120 25 Johanna
3497 1880 91 26 Maria,
3602 1880 66 24 Post.
3680 1878 83 25 Lanta
3772 1877 220 28 Candida.-Anna,

3054 1915 163 30 Kamminga,
3227 1912 167 30 Petersburg.
3404 1925 14 4 -
3428 1909 143 30 Schiedam,
3580 1903 178 37 Houtkooper,
3768 1906 143 31 Schiedam,
3921 1903 72 30 laadt

3056 1954 63 20 voor
3126 1945 66 26 Port
3204 1945 92 31 Philip.

3087 1977 181 27 EXMOUTH,
3278 1980 32 21 29
3318 1975 70 28 Dcc,
3397 1972 91 30 Diana,
3498 1971 65 32 Fijn,
3574 1971 178 27 Gothenburg.

3087 2007 202 30 FALMOUTH,
3298 2009 33 22 30
3338 2006 70 30 Dcc;
3418 2004 146 30 Catherine,
3575 2004 122 31 Imgram,
3706 2001 174 28 Rio-Grande.

3089 2040 161 30 CARDIFF,
3265 2042 32 22 29
3306 2039 69 30 Doe;
3393 2036 86 30 Vesta,
3489 2036 33 31 S.,
3533 2036 105 26 Bristol.
3648 2050 13 5 -
3674 2036 76 33 Mary
3759 2035 91 28 Lizzie,
3861 2031 132 31 Coombes,

3056 2074 73 26 Rott.
3139 2088 13 2 -
3164 2073 86 31 Quecn
3261 2070 28 26 of
3296 2070 80 30 Scots,
3387 2068 92 33 Smith,
3489 2069 35 25 id.

3077 2101 20 28 '(
3112 2104 136 31 LTDE.BI
3262 2104 72 31 Dcc;
3346 2098 542 37 St.Petersburg,Dijkstra,Fernambuck.

3091 2137 176 30 GRANTON,
3276 2140 32 21 29
3317 2135 73 28 Dec.;
3400 2134 156 32 Marflower,
3566 2134 93 28 Smith,
3669 2134 81 25 Amst.

3090 2170 113 28 LEITH,
3211 2173 33 21 30
3253 2169 73 28 Dee.;
3339 2169 27 25 P.
3376 2167 35 26 M.
3422 2163 135 34 Willcock,
3566 2166 135 28 Willcock,
3710 2165 83 27 Amst.

3090 2203 122 26 NORTH
3220 2199 155 33 SHIELDS,
3384 2205 31 20 30
3426 2199 69 32 Dcc;
3504 2199 132 33 Walborg,
3647 2199 31 25 do
3687 2199 73 25 Boer.
3774 2193 220 27 Dundee.-Castle

3057 2236 80 30 Eden,
3155 2232 135 37 Stepterd,
3300 2232 72 28 Rott.
3381 2248 12 4 -
3402 2232 146 33 Electryon,
3563 2232 118 28 Randell,
3691 2231 34 25 id.
3735 2245 9 4 -
3755 2228 141 27 Christian,
3904 2225 90 32 Reyer,

3057 2269 83 25 Amst.
3150 2283 30 2 —
3190 2271 27 21 31
3233 2268 66 26 Dcc;
3309 2264 111 34 Capella,
3426 2264 123 32 Lourson,
3557 2259 249 32 id.-Martenshoek,
3817 2258 89 28 Schut,
3917 2258 77 22 Lond.

3090 2298 244 30 SUNDERLANI),
3344 2301 32 22 30
3387 2298 70 31 Dec.;
3468 2298 74 26 Jona,
3552 2296 132 27 Cormack,
3694 2291 143 27 Schiedam.

3090 2330 239 30 HARTLEPOOL,
3338 2334 33 22 30
3379 2330 73 32 Dcc;
3462 2334 15 22 5
3487 2330 102 28 Sisters,
3598 2327 130 30 Lowthcr,
3738 2323 81 26 Amst.

3089 2357 681 38 YAl«MOUTH,3oDec.;Ocean,Lesquilbet,Rott.

3090 2398 161 31 MESSINA,
3267 2401 33 21 23
3313 2398 69 31 Dcc;
3393 2395 163 30 Goertruida,
3567 2394 79 28 Stuit,
3656 2392 85 26 Antw.
3751 2402 31 6 —
3791 2389 33 25 24
3831 2388 71 27 Dcc;
3912 2388 69 22 Reizi-

3058 2439 53 21 ger.
3120 2430 122 30 Alberda,
3255 2428 81 26 Amst.
3746 2453 18 1 „
3839 2448 8 12 ,
3870 2454 12 6 _
3909 2446 78 14 _„_.

3090 2461 208 28 SINGAPORE,
3307 2465 28 24 21
3348 2460 73 30 Nov.;
3429 2460 81 30 Friso,
3516 2458 111 30 Mulder,
3633 2456 91 33 Amoy,
3731 2453 63 27 aUcs
3800 2451 48 27 wel
3854 2457 48 19 aan
3909 2451 84 24 boord.

3409 2502 220 26 UITGEZEILD.

3768 2536 13 2 T
3831 2536 7 2 ,

3090 2539 314 31 HELLEVOETSLUIS,
3425 2542 8 22 1
3454 2538 67 30 Jan.,
3537 2536 79 31 Z.W.-,
3633 2536 74 30 Olga,
3720 2536 33 26 S.,
3767 2536 115 20 Londen.
3891 2542 12 5 -
3911 2536 87 17 Baron

3059 2575 87 27 Etvos,
3156 2572 146 31 Cephalich,
3313 2571 162 26 Brouwcrsh.
3594 2601 15 2 _
3722 2594 5 5 .

3092 2604 157 32 BRIELLE,
3261 2608 9 24 1
3283 2604 66 32 Jan.,
3360 2602 110 32 Z.-W.;
3480 2598 104 31 Pacific,
3594 2593 176 32 S..Harwich.

3091 2639 172 30 BOLDERA,
3272 2641 32 21 26
3313 2637 69 30 Dcc;
3392 2636 83 26 Anna,
3485 2633 116 27 Minolts,
3612 2630 123 25 Holland.

3091 2670 128 31 HAVRE,
3228 2673 30 24 31
3268 2669 70 32 Dcc;
3348 2668 96 33 Sophia
3452 2666 92 30 Maria,
3554 2662 131 28 Teensma,
3694 2662 98 22 Genua.

3243 2720 563 37 Rivierberichten.

3235 2780 40 22 IN
3292 2779 137 24 LADING
3448 2777 181 26 LIGGENDE
3647 2777 158 21 SCHEPEN

3091 2816 39 26 De
3148 2815 200 31 Stoomschepen
3363 2810 163 27 Amsterdam
3542 2809 22 30 I,
3581 2809 35 26 11,
3633 2809 54 24 111,
3705 2809 30 19 FV
3759 2809 32 19 en
3810 2809 30 21 V,
3857 2809 24 19 n.
3900 2809 80 19 Emme-

3059 2848 56 31 rik,
3132 2848 100 31 Wesel,
3250 2844 149 30 Duisburg,
3418 2841 141 33 Urdingen,
3575 2835 158 30 Dusseldorf,
3751 2832 107 30 Keulen,
3878 2833 122 32 Goblcnz.,

3059 2881 102 28 Mainz,
3185 2878 157 28 Frankfort,
3367 2874 151 28 Mannheim
3542 2880 33 19 en
3599 2867 230 33 tusschengelegen
3847 2867 125 32 plaatsen.
3989 2882 11 5 -

3060 2913 30 26 A.
3107 2911 83 27 Balk,
3208 2910 117 28 Sabiene,
3343 2917 24 17 n.
3385 2906 109 28 Keulen.

3092 2944 13 13 *
3123 2942 197 28 NIJMEGEN,
3348 2944 9 21 1
3378 2940 59 26 Jan.
3471 2939 39 26 De
3533 2934 76 27 Waal
3633 2940 21 18 is
3679 2933 65 25 0.20
3769 2930 41 26 tot
3827 2931 65 25 9.90
3907 2928 37 27 M.
3970 2931 26 32 +

3059 2976 31 25 A.
3107 2975 30 26 P.
3155 2974 126 31 gevallen.
3314 2973 54 25 Het
3386 2972 81 26 water
3484 2970 21 25 is
3522 2975 52 25 nog
3591 2965 85 27 steeds
3692 2965 117 25 vallende

3092 3005 202 28 DEVENTER,
3314 3007 11 22 1
3345 3004 59 25 Jan.
3425 3004 38 24 De
3481 2999 69 26 IJsel
3569 2999 22 25 is
3608 3005 56 24 gev.
3681 2998 41 24 tot
3739 2998 65 25 4.65
3821 2996 35 24 M.
3875 2998 30 26 -f-
3921 2996 32 22 A.
3971 2996 28 22 P.

3091 3039 14 14 *
3122 3035 265 31 ZALT-BOMMEL,
3415 3037 9 24 1
3452 3032 59 27 Jan.
3546 3031 39 27 De
3611 3030 76 27 Waal
3710 3030 21 26 is
3748 3031 66 25 0.23
3829 3027 35 27 M.
3882 3026 119 34 gevallen

3059 3073 41 24 tot
3118 3076 14 20 4
3150 3074 33 21 26
3198 3070 37 25 M.
3254 3072 26 28 +
3301 3069 31 26 A.
3350 3069 30 24 P.
3412 3067 54 25 Het
3485 3065 83 25 water
3585 3064 22 25 is
3624 3071 52 25 nog
3692 3063 85 26 steeds
3794 3059 126 30 vallende.

3190 3111 309 44 Vertrokken
3530 3111 340 44 Passagiers.

3091 3184 72 28 Naar
3185 3183 162 30 BATAVIA.
3381 3183 51 27 Per
3457 3182 92 32 Marie,
3574 3181 73 34 kapt.
3666 3180 161 27 Biesthorst:
3853 3180 31 26 de
3901 3178 98 26 heeren

3058 3219 22 28 A
3105 3220 26 27 H
3157 3219 31 28 G.
3206 3219 125 30 Blokzeijl
3347 3217 53 26 met
3418 3217 133 28 echtgen.,
3569 3214 65 25 kind
3652 3222 31 17 en
3699 3213 58 26 Jav.
3776 3211 154 31 mannelijke
3953 3211 31 24 be-

3059 3253 92 25 diende
3183 3252 33 25 H.
3234 3252 35 24 M.
3288 3247 112 28 Dibbetz
3419 3248 54 22 met
3493 3246 135 28 echtgen.,
3646 3244 33 25 H.
3698 3244 99 25 Adema
3815 3250 21 17 v.
3855 3242 146 25 Scheltema

3059 3285 53 26 met
3130 3283 126 31 echtgen.,
3275 3280 27 26 C.
3320 3279 28 25 F.
3366 3278 132 26 Erdbrink
3515 3276 53 27 met
3588 3276 119 32 echtgen.
3726 3282 32 18 on
3776 3273 71 31 kind,
3863 3272 51 26 Mr.
3931 3272 31 26 A.
3972 3272 28 26 L.

3060 3315 117 31 Clignott
3194 3314 54 24 met
3265 3312 119 31 echtgen.

3278 3412 528 1 TOONEELNIEUWS.

3267 3531 390 25 AMSTERDAM,
3664 3531 52 25 Maandag
3723 3531 8 25 2
3738 3531 52 25 Januari

3092 3570 215 26 Stads-Schouw
3315 3578 78 17 Hum..
3412 3568 87 25 Nadat
3516 3568 45 24 liet
3579 3567 165 26 melodrama:
3764 3567 35 27 De
3816 3567 183 26 Slavenmarkt

3059 3602 26 27 in
3104 3602 28 26 de
3151 3601 151 34 afgeloopen
3320 3601 71 25 week
3409 3608 51 24 nog
3477 3599 124 26 driemaal
3621 3607 51 17 was
3690 3599 132 28 herhaald,
3841 3599 20 25 is
3879 3599 117 32 gisteren

3059 3634 91 30 avond,
3169 3641 63 18 even
3249 3633 38 26 als
3305 3632 87 26 telken
3405 3632 66 33 jare,
3491 3632 32 32 bij
3535 3632 46 24 den
3593 3640 118 22 aanvang
3719 3639 51 18 van
3780 3632 44 24 het
3835 3631 163 32 nieuwejaar,

3059 3667 46 25 het
3129 3666 141 31 treurspel:
3289 3658 142 37 Gijsbrecht
3450 3672 53 15 van
3519 3665 128 27 Aemstel,
3673 3663 111 32 gevolgd
3802 3663 63 25 door
3881 3663 45 25 het
3943 3664 43 25 hol-

3059 3698 123 27 landsche
3197 3694 162 35 kluchtspel:
3383 3696 84 26 Kloris
3483 3703 33 17 en
3534 3694 106 31 Roosje,
3659 3693 84 26 weder
3759 3697 44 24 ten
3821 3694 117 27 tooneele
3952 3704 31 25 ge-

3059 3731 102 26 bracht.
3195 3731 53 25 Het
3272 3726 177 27 vermoeiende
3475 3726 46 25 dat
3540 3733 27 19 er
3583 3726 107 30 gelegen
3709 3726 21 24 is
3746 3725 26 27 in
3790 3728 45 24 het
3853 3729 145 26 aanhooren

3059 3772 51 18 van
3126 3763 25 27 al
3169 3763 26 26 te
3213 3762 76 32 lange
3307 3758 210 33 alleenspraken,
3539 3757 81 27 welke
3638 3758 27 26 in
3683 3758 38 25 dit
3737 3759 135 32 overigens
3894 3759 90 37 belang-

3059 3785 125 38 wekkend
3208 3794 128 32 treurspel
3353 3791 163 28 voorkomen,
3535 3790 69 25 werd
3620 3791 172 25 ruimschoots
3809 3794 111 30 vergoed
3938 3785 61 34 door

3059 3829 31 26 de
3109 3826 178 28 uitmuntende
3306 3823 156 28 voordracht
3477 3830 51 18 van
3537 3822 89 26 enkele
3635 3824 113 24 vertoon,
3759 3831 31 17 rs.
3809 3822 39 28 Dè
3856 3824 64 28 heer
3926 3826 46 28 Vol-

3059 3869 59 19 man
3149 3868 47 19 was
3216 3868 45 17 een
3280 3856 148 33 Gijsbrecht
3446 3861 50 20 van
3514 3854 130 31 Aemstel,
3663 3855 85 26 zooala
3763 3863 59 18 mon
3840 3865 27 17 er
3883 3859 53 25 niet
3954 3868 30 22 ge-

3059 3893 138 32 makkelijk
3215 3900 46 18 oen
3278 3888 97 27 tweede
3392 3887 93 26 vinden
3503 3887 47 26 zal.
3572 3887 168 32 Uitgenomen
3758 3896 46 17 oen
3822 3889 73 26 enkel
3906 3900 77 25 oogen-

3059 3927 54 25 blik
3131 3933 51 19 van
3195 3924 24 28 te
3229 3922 71 34 grool
3308 3931 12 18 e
3330 3919 219 34 stemverheffing,
3557 3920 70 26 heeft
3639 3919 28 27 de
3679 3920 59 26 heer
3748 3920 163 30 Kistemaker
3920 3933 45 17 ons
3972 3925 26 26 in

3059 3960 31 24 de
3118 3959 39 25 rol
3183 3965 50 17 van
3250 3956 50 25 den
3319 3953 63 26 bode
3400 3953 148 26 uitnemend
3566 3952 118 25 voldaan.
3702 3953 37 25 Do
3758 3953 38 26 rol
3814 3961 50 18 van
3881 3956 48 25 den
3946 3957 39 25 bis-

3059 3992 78 32 schop
3156 3987 129 33 Oozewijn
3304 3993 52 19 was
3373 3985 25 27 in
3416 3983 102 30 handen
3535 3991 52 20 ven
3602 3984 50 27 den
3670 3984 61 27 heer
3748 3985 107 32 Roobol,
3881 3986 39 28 die
3939 3989 59 28 deze

3059 4022 183 33 onberispelijk
3256 4016 47 30 'zou
3322 4019 119 32 gespeeld
3462 4017 109 31 hebben,
3588 4017 85 27 indien
3692 4018 63 31 zijne
3777 4019 156 27 voordracht
3950 4023 48 25 iets

3059 4049 157 39 levendiger'
3235 4061 65 18 ware
3326 4050 120 41 geweest.
3474 4050 60 26 Mw.
3557 4057 24 18 v.
3607 4050 24 25 d.
3654 4049 80 27 Finek
3754 4050 99 33 speelde
3872 4061 63 19 voor
3953 4055 45 26 het

3059 4090 69 25 eerst
3144 4089 31 25 de
3193 4087 40 26 rol
3254 4094 50 18 van
3320 4083 138 31 Badeloch,
3478 4090 32 19 en
3528 4082 30 26 zii
3575 4082 72 26 heeft
3665 4082 57 26 zich
3739 4090 50 19 van
3797 4083 63 26 hare
3868 4084 64 26 taak
3941 4095 57 19 zeer

3059 4119 194 32 verdienstelijk
3278 4119 142 32 gekweten.
3457 4116 67 26 Over
3548 4115 46 25 het
3620 4114 91 32 geheel
3732 4122 51 18 was
3802 4116 30 25 de
3850 4116 148 35 uitvoering

3059 4161 50 18 van
3128 4154 39 25 dit
3183 4150 128 37 treurspel
3328 4147 167 31 lofwaardig;
3513 4146 40 33 wij
3570 4146 93 25 maken
3681 4147 44 24 ten
3744 4147 78 25 slotte
3837 4148 58 26 Mw.
3907 4149 91 28 Kleine

3061 4187 69 32 (Rei;
3157 4185 47 28 4de
3230 4179 104 38 bedrijf)
3361 4189 45 18 een
3433 4179 165 33 compliment
3620 4186 61 19 voor
3702 4179 30 26 de
3750 4181 157 31 gevoelvolle
3925 4192 59 18 voor-

3059 4220 93 25 dracht
3180 4225 50 17 van
3254 4217 45 25 het
3315 4214 110 26 schoone
3444 4220 67 17 vers:
3533 4211 93 26 rWaar
3645 4211 45 25 z«ió
3709 4212 31 25 de
3757 4207 78 31 liefde
3945 4225 53 17 enz.

3059 4252 35 32 Zij
3115 4250 109 33 ontving
3241 4247 26 26 te
3287 4245 70 28 recht
3376 4252 45 20 een
3439 4243 128 26 «ln-erend
3586 4241 112 33 applaus.

3092 4285 38 25 De
3155 4290 57 19 zeer
3229 4278 207 33 verdienstelijke
3455 4276 146 31 uitvoering
3619 4284 48 17 van
3685 4276 32 27 de
3733 4278 91 30 groote
3842 4280 154 26 ouverture:

3060 4317 141 31 Gijsbrecht
3221 4322 51 15 van
3288 4313 112 24 Aemstel
3411 4329 5 8 ,
3442 4307 204 31 gekomponeerd
3663 4309 63 25 door
3743 4309 48 25 den
3809 4310 69 26 Heer
3894 4311 59 26 Joh.
3972 4313 26 25 J.

3059 4348 137 30 Verhulst,
3215 4344 40 26 die
3273 4343 80 26 onder
3372 4341 31 28 de
3420 4338 97 34 leiding
3537 4346 50 19 van
3605 4338 48 28 den
3671 4339 69 28 Heer
3757 4341 32 27 H.
3807 4342 25 27 J.
3848 4342 25 28 J.
3892 4352 22 18 v.
3932 4344 66 28 Bree

3059 4383 52 24 mot
3129 4378 103 34 aplomb
3249 4376 70 26 werd
3335 4372 201 32 voorgedragen,
3556 4372 117 26 verdient
3691 4382 59 18 eene
3769 4372 111 28 eervolle
3891 4378 92 25 vermel-

3059 4413 61 31 ding
3142 4421 31 17 en
3190 4409 47 33 gaf
3252 4408 132 27 algemeen
3402 4409 138 30 genoegen.

3092 4444 52 28 Het
3163 4440 149 34 kluchtspel
3330 4440 20 25 K
3358 4442 60 21 loris
3436 4446 31 17 en
3483 4437 92 31 Roosje
3592 4436 94 28 bracht
3698 4439 38 26 als
3744 4441 155 33 gewoonlijk
3908 4441 31 27 de
3947 4442 39 26 tal-

3058 4479 63 31 rijke
3138 4476 189 26 toeschouwers
3345 4470 27 24 in
3389 4478 60 17 eene
3465 4476 156 26 aangename
3640 4472 145 30 stemming,
3796 4481 97 17 waarin
3901 4474 31 24 de
3940 4481 43 18 ver-

3059 4505 103 31 tóoners
3187 4507 135 26 zichtbaar
3339 4501 113 26 deelden.
3463 4500 53 40 _De
3535 4501 255 37 nieuwjaarswensen
3809 4504 61 26 door
3888 4506 48 25 den
3954 4513 28 24 ge-

3058 4544 93 25 achten
3159 4540 137 27 directeur,
3305 4537 48 25 den
3364 4534 67 25 Heer
3441 4533 175 33 Tjasink.voor
3625 4537 45 24 het
3679 4535 86 28 laatst,
3776 4535 38 24 als
3822 4535 175 26 ïhoinasvaer

3058 4573 191 33 voorgedragen
3268 4578 31 18 en
3315 4569 64 25 door
3396 4566 80 25 Mevr.
3494 4566 230 32 Stoetz-Majofski,
3743 4566 38 24 als
3796 4566 135 32 Pieteniel,
3940 4576 58 18 zeer

3347 4598 47 39 gaf
3409 4598 54 26 veel
3481 4606 138 26 genoegen.
3638 4598 56 26 Met
3703 4598 180 33 uitzondering
3892 4607 48 17 van
3951 4600 46 25 het

3057 4633 84 38 goede*
3161 4638 85 26 woord
3257 4657 5 8 ,
3288 4632 92 35 gewijd
3406 4639 48 18 aan
3475 4631 30 26 do
3522 4630 202 33 nagedachtenis
3739 4637 50 17 van
3808 4631 47 25 den
3874 4632 26 24 te
3918 4641 78 24 vroeg

3057 4671 137 33 gestorven
3210 4667 123 30 Lambert
3351 4659 24 31 ie
3392 4663 107 33 Bèques,
3515 4671 52 18 was
3574 4663 60 26 deze
3645 4661 100 27 wensch
3756 4669 46 17 een
3810 4662 97 26 tweede
3918 4663 77 27 editie

3056 4711 51 18 van
3124 4703 48 26 tien
3189 4701 113 34 vorigen.
3328 4700 38 26 De
3385 4697 116 32 grootste
3520 4696 100 26 waarde
3639 4703 27 19 er
3683 4702 50 17 van
3742 4694 21 24 is
3772 4696 183 31 voornamelijk
3969 4696 27 25 in

3057 4735 31 26 de
3112 4724 200 43 voortreffelijke
3332 4729 155 26 voordracht
3504 4729 123 32 gelegen.
3647 4727 45 25 hot
3712 4724 40 24 zal
3770 4724 50 24 dan
3836 4726 50 25 ook
3901 4734 52 25 nog
3971 4728 25 25 al

3057 4768 112 31 moeilijk
3196 4767 50 32 zijn
3272 4766 48 26 den
3340 4763 69 26 Hoer
3429 4761 105 33 Tjasmk
3552 4760 38 27 als
3607 4760 171 25 ïhoinasvaer
3796 4757 26 24 te
3842 4765 151 25 vervangen.

3057 4800 141 31 Algemeen
3215 4799 81 26 beviel
3314 4794 107 28 ditmaal
3443 4794 46 26 het
3506 4794 63 25 door
3586 4794 60 25 hem
3661 4788 165 39 gesprokene,
3842 4788 35 32 bij
3895 4789 32 25 de
3935 4799 46 17 aan-

3057 4832 129 31 brenging
3202 4832 46 25 der
3266 4830 119 27 schotels.
3412 4827 50 31 Wij
3476 4827 102 25 kunnen
3588 4833 45 17 ons
3643 4822 54 25 met
3705 4821 149 24 onthouden
3863 4821 44 25 ten
3918 4821 78 26 slotte

3058 4872 46 20 een
3119 4864 105 28 tweetal
3242 4863 94 34 versjes
3353 4861 30 27 af
3397 4861 26 25 te
3441 4859 133 33 schrijven,
3586 4857 39 26 dio
3634 4854 53 26 met
3697 4853 133 26 levendige
3842 4853 142 32 toejuichin-

3057 4905 48 25 gen
3131 4898 104 26 werden
3261 4897 113 32 begroet.
3410 4893 50 26 Tot
3477 4892 50 26 den
3543 4887 200 28 orkestmeester
3759 4885 45 24 het
3822 4885 86 25 woord
3927 4886 56 25 rich-

3057 4931 84 28 tende,
3161 4930 71 26 zeide
3248 4929 37 33 hij
3304 4937 32 24 op
3353 4925 157 32 hartelijken
3528 4924 78 25 toon:

3122 4950 31 43 Ü,
3170 4961 103 27 wakkre
3291 4958 170 27 kunstenaar!
3482 4955 58 25 bied
3557 4954 27 24 ik
3601 4950 46 27 het
3666 4948 124 26 »welkom
3823 4955 58 22 aan,

3087 4994 57 27 Hoe
3162 4994 111 27 dikwerf
3287 5000 48 22 zag
3353 4990 24 26 'k
3396 4991 40 24 ter
3454 4988 91 32 plaats,
3562 4983 80 27 thans
3657 4982 65 26 door
3738 4978 24 27 U
3778 4987 168 25 ingenomen,

3253 5024 100 25 Weleer
3371 5029 40 18 uw
3430 5021 97 24 braven
3543 5017 78 24 vader
3639 5017 83 25 staan,

3249 5057 39 26 En
3308 5055 93 31 weinig
3418 5053 51 25 kon
3485 5048 63 33 mijn
3566 5047 72 33 geest
3654 5046 60 25 toen
3732 5043 124 25 droomen

3248 5091 53 25 Dat
3318 5088 35 32 gij
3372 5087 40 25 die
3431 5083 84 34 plaats
3533 5087 59 20 eens
3608 5078 78 27 zoudt
3705 5075 111 26 beslaan.

3087 5122 112 26 Bekleed
3216 5122 50 25 ook
3282 5121 34 33 gij
3335 5115 41 31 die
3394 5119 63 27 dan,
3476 5113 78 34 gelijk
3570 5113 35 32 hij
3625 5108 72 31 deed,
3715 5108 54 25 met
3785 5113 71 25 eere,

3119 5156 40 26 En
3176 5164 73 18 neem
3266 5154 61 32 mijn
3345 5153 73 26 harte
3424 5148 99 30 wensch
3541 5153 63 19 voor
3620 5144 24 28 U
3661 5143 38 27 als
3717 5143 138 31 zogenbee:

3090 5190 67 25 /,Dat
3174 5187 56 26 hier
3248 5189 31 25 do
3296 5196 70 17 roem
3385 5185 44 26 des
3445 5190 92 21 zoons,
3555 5179 45 26 des
3617 5177 91 27 vaders
3725 5183 71 18 room
3814 5179 139 22 vermeere,

3122 5222 53 25 //En
3183 5219 106 26 frissche
3300 5218 122 27 lanw'ren
3433 5215 89 28 vlecht
3534 5220 40 17 om
3583 5211 24 26 d'
3618 5210 89 26 eedlen
3717 5216 74 15 naam
3803 5215 52 17 van
3866 5206 86 25 Bkee!

3086 5252 159 32 Vervolgens
3262 5261 45 17 een
3326 5251 83 26 dronk
3426 5245 124 35 wijdende
3568 5250 50 19 aan
3635 5243 31 25 de
3685 5238 80 34 goede:
3783 5238 69 46 stad^
3859 5244 77 20 onzer
3952 5246 28 17 in-

3056 5285 110 31 woning,
3183 5269 76 48 fprak
3276 5284 44 32 hij,
3337 5284 54 25 met
3410 5278 143 33 zinspeling
3568 5283 32 22 op
3613 5281 65 24 zijne
3694 5271 94 25 laatste
3807 5271 139 31 optreding
3956 5270 39 24 als

3054 5317 180 31 Thomasvaer,
3250 5316 47 27 het
3314 5314 139 35 volgende:

3216 5361 53 26 //De
3287 5361 98 32 koning
3403 5355 78 30 stierf
3496 5368 31 5 -
3543 5352 31 25 de
3592 5348 98 32 koning

3216 5393 54 25 Dus
3287 5394 57 25 hier
3369 5407 31 2 —
3418 5388 35 30 Of
3470 5387 31 26 de
3517 5386 67 26 oude
3601 5381 175 26 Thomasvaer

3216 5425 22 25 U
3255 5426 84 25 heden
3357 5425 48 26 ook
3423 5428 63 19 voor
3503 5417 65 35 goed
3586 5414 96 32 begeve
3699 5426 32 2 —

3215 5457 53 25 Een
3286 5460 96 22 nieuwe
3399 5454 73 26 komt
3490 5452 26 25 in
3535 5450 20 24 't
3570 5453 99 19 nieuwe
3685 5450 65 25 jaar.

3216 5487 37 28 De
3272 5490 97 26 nieuwe
3387 5489 40 26 zal
3445 5485 50 34 zijn
3514 5489 56 31 weg
3587 5479 48 26 wel
3653 5479 106 22 vinden.

3216 5523 51 25 Zoo
3283 5523 66 32 goed
3367 5523 38 25 als
3423 5520 31 25 de
3471 5518 65 26 eude
3555 5513 19 26 't
3592 5511 71 27 heeft
3679 5507 113 34 gedaan;

3221 5555 73 24 Maar
3311 5569 32 4 -
3359 5559 77 27 moog
3451 5551 38 37 hij
3508 5550 50 25 dan
3574 5545 35 32 bij
3639 5563 9 6 -
3666 5537 181 31 onderwinden

3222 5588 48 25 Zdl,
3288 5588 46 31 gul
3353 5587 48 26 ook
3418 5583 104 27 worden
3540 5577 143 35 bijgestaan
3694 5577 5 24 !

3216 5619 78 30 Moog
3311 5621 58 22 hem
3386 5615 155 28 welwillend
3559 5619 48 18 van
3626 5616 40 17 uw
3684 5609 83 26 allen,

3248 5644 47 37 (lio
3313 5652 146 25 kunstbaan
3476 5646 85 28 wordt
3578 5649 45 19 zoo
3640 5640 65 26 licht
3723 5634 146 34 versperd!)

3220 5683 123 32 Dezelfde
3359 5687 78 28 gunst
3452 5683 45 24 ten
3515 5678 71 27 deele
3604 5674 86 26 vallen

3244 5714 50 26 Die
3311 5719 46 27 mij
3373 5724 47 18 zoo
3438 5714 67 26 ruim
3522 5707 163 38 geschonken
3702 5706 81 22 werd.

3216 5746 39 26 En
3274 5748 52 25 laat
3344 5750 41 31 mij
3405 5747 39 26 dit
3461 5748 46 24 ten
3522 5741 85 30 troost
3625 5739 168 26 verstrekken
3809 5746 33 5 —

3248 5779 78 26 Waar
3344 5781 24 24 'k
3387 5781 21 25 U
3426 5777 146 33 erkent'lijk
3591 5772 113 27 afscheid
3724 5771 71 25 bied:

3350 5812 31 26 de
3398 5812 65 26 oude
3480 5811 112 26 Thomas
3609 5805 63 32 gaat
3689 5803 159 25 vertrekken

3246 5844 94 26 Geheel
3359 5846 122 30 vergeten
3500 5841 78 27 word'
3595 5837 37 33 hij
3650 5837 69 26 niet!

3085 5875 38 24 En
3141 5872 38 26 als
3196 5874 25 25 'k
3237 5876 137 33 erkentlijk
3392 5885 34 18 nu
3444 5884 32 19 en
3495 5872 133 28 dankbaar
3646 5876 51 18 van
3715 5874 17 17 u
3748 5865 115 25 schelde.

3118 5906 48 26 Om
3183 5908 52 24 wat
3253 5903 158 38 steeds'jaar
3428 5917 33 25 op
3475 5909 61 33 jaar
3554 5913 45 19 zoo
3617 5901 47 34 gul
3680 5906 43 28 mij
3742 5904 48 18 van
3811 5897 17 22 U
3849 5897 84 22 kwam
3946 5906 31 5 -

3083 5939 52 27 Zoo
3151 5939 22 25 is
3190 5939 20 25 't
3228 5940 46 25 dat
3293 5941 24 26 'k
3333 5936 79 32 dezen
3431 5942 84 26 dronk
3533 5939 53 27 met
3605 5942 93 19 warme
3716 5929 138 39 geestdrift
3869 5929 76 31 wijde

3117 5972 58 25 Aan
3193 5972 19 24 't
3228 5972 53 26 heil
3299 5981 48 18 van
3366 5982 45 18 ons
3429 5975 104 32 geliefd,
3550 5979 47 18 ons
3614 5968 70 32 éénlg
3702 5965 176 26 Amsterdam.

3084 6017 31 27 In
3144 6025 46 17 een
3216 6017 72 30 vorig
3313 6020 103 32 verslag
3438 6019 103 26 hebbon
3566 6014 41 32 wij
3633 6011 74 28 reeds
3731 6006 142 37 gesproken
3894 6012 51 18 van
3960 6001 32 27 de

3052 6050 299 32 beneücc-voorsteUing
3366 6059 51 18 van
3433 6052 50 25 den
3501 6052 61 24 heer
3580 6041 113 40 Tjasink,
3702 6043 41 26 die
3754 6041 157 25 aanstaande
3920 6041 54 21 von-

3052 6080 104 34 derdag,
3181 6079 48 26 den
3255 6079 89 31 zesden
3371 6084 79 27 dezer,
3477 6084 39 25 zal
3542 6081 84 33 plaats
3646 6076 109 28 hebben.
3789 6073 31 25 In
3837 6073 45 25 het
3900 6073 32 28 bij
3952 6073 40 19 dio

3051 6112 169 34 gelegenheid
3236 6115 26 24 te
3278 6123 80 24 geven
3378 6115 202 34 oorspronkelijk
3598 6111 74 26 stuk:
3698 6111 57 25 Jan
3770 6113 54 18 van
3841 6107 41 24 Lei
3886 6107 57 24 den,
3960 6107 32 18 ac

3053 6148 104 31 Koning
3175 6152 51 18 van
3242 6146 67 30 Sion,
3330 6148 113 26 bewerkt
3459 6149 63 25 door
3542 6142 47 30 den
3611 6144 61 26 heer
3689 6148 46 19 mr.
3745 6141 58 24 .1..).
3815 6141 27 22 f.
3855 6141 7 20 J
3874 6141 117 26 inoergn,

3051 6178 41 27 zal
3107 6178 31 25 do
3156 6177 204 35 verdienstelijke
3378 6180 162 30 beneficiant,
3559 6184 64 20 naar
3640 6174 40 35 wjj
3691 6177 138 24 vernemen
3835 6170 85 26 alléén
3928 6170 59 43 yooi

3051 6210 59 27 dien
3135 6210 90 28 avond,
3249 6209 32 27 de
3307 6213 38 27 rol
3371 6222 48 15 van
3444 6214 50 24 den
3510 6211 119 32 bisschop
3646 6216 51 18 van
3718 6203 116 28 Munster
3848 6203 143 25 vervullen;

3051 6243 34 33 bij
3103 6242 31 26 do
3150 6242 125 32 volgende
3292 6246 201 30 voorstellingen
3509 6244 40 25 zal
3568 6243 38 25 als
3621 6240 125 32 zoodanig
3757 6235 124 35 optreden
3888 6235 32 22 de
3931 6235 56 21 heel

3051 6274 107 32 Roobol,
3176 6282 63 18 voor
3255 6274 64 28 wien
3337 6278 59 25 deze
3417 6276 38 26 rol
3472 6276 122 33 eigenlijk
3612 6274 156 35 geschreven
3785 6278 30 18 is.
3849 6269 66 24 Elke
3932 6269 43 18 ver-

3051 6309 59 26 dere
3135 6307 170 35 aanbeveling
3327 6311 41 25 tot
3392 6311 141 32 bijwoning
3557 6317 50 18 van
3633 6307 78 26 dezen
3729 6302 151 27 feestavond
3895 6302 96 19 acm-ii

3053 6343 39 31 wij
3111 6340 150 31 overbodig;
3283 6343 91 31 ./goede
3393 6343 59 33 wijn
3469 6341 105 26 behoeft
3592 6348 64 25 geen
3875 6361 6 6 ,
3953 6358 11 5 .

3081 6369 103 31 'Grand
3210 6371 145 34 Theater,
3381 6373 190 27 Amstelstraat.
3612 6372 34 26 De
3676 6372 61 25 heer
3772 6369 18 24 L
3803 6366 79 25 Hame
3902 6366 87 21 Heelt,

3051 6405 84 26 dunkt
3150 6411 60 22 ons,
3235 6404 27 26 il.
3281 6405 130 33 Maandag
3428 6406 63 32 zijne
3508 6405 112 27 stoutste
3637 6402 180 30 verwachting
3835 6398 155 24 overtronen

3051 6439 96 33 gezien.
3182 6437 60 26 Niet
3260 6437 81 27 alleen
3356 6438 45 27 dat
3417 6438 48 27 alle
3477 6461 5 6 .
3509 6438 61 27 zelfs
3588 6438 31 25 de
3637 6437 81 26 eerste
3737 6438 98 25 rangen
3854 6430 136 24 overbezet

3052 6481 102 19 waren,
3178 6478 72 18 maar
3275 6480 28 17 er
3332 6470 132 28 heerschte
3491 6470 129 34 blijkbaar
3646 6478 59 17 eene
3732 6472 57 19 zeer
3813 6464 176 30 geanime.iue

3051 6503 139 32 stemming
3206 6503 26 24 in
3254 6502 28 26 do
3300 6503 63 26 zaal.
3398 6503 52 28 Het
3468 6513 52 17 was
3535 6503 69 26 alsof'
3619 6509 57 18 men
3693 6503 123 27 eenparig
3831 6496 52 24 had
3905 6496 71 20 Desio-

3052 6541 44 21 ten
3112 6537 48 24 den
3178 6535 221 32 verdienstelijken
3418 6535 155 27 beneficiant
3588 6536 25 24 te
3625 6535 64 25 doen
3706 6529 131 37 gevoelen,
3860 6529 47 21 hoe
3921 6529 66 26 noog

3051 6570 34 32 hij
3113 6568 34 32 bij
3172 6568 66 25 allen
3257 6569 69 24 staat
3345 6568 213 33 aangeschreven,
3576 6568 40 25 die
3635 6574 41 18 om
3697 6563 66 27 wille
3783 6561 44 25 der
3844 6561 92 25 kunst,
3963 6562 27 17 in

3051 6595 260 41 haren'gelukkigen
3341 6600 150 27 beoefenaar
3519 6598 188 34 belangstellen
3732 6602 31 19 en
3782 6593 59 26 hein
3857 6593 53 21 niet
3930 6593 45 19 wel-

3051 6633 165 28 willendheid
3231 6641 31 18 en
3281 6633 105 33 achting
3404 6634 148 32 bejegenen.
3586 6633 37 26 De
3640 6633 79 25 keuze
3738 6634 50 19 van
3806 6626 59 25 zulk
3881 6630 46 18 <:en
3939 6626 38 20 uit-

3051 6666 109 26 nemend
3184 6664 175 28 tooneelwêrk
3386 6666 52 25 als:
3470 6665 46 27 Die
3541 6665 196 33 Harfenschule
3751 6666 51 19 van
3823 6659 165 27 br.ichvogel,

3051 6705 63 20 voor
3141 6705 61 19 eene
3227 6698 170 33 voorstelling
3419 6698 38 26 als
3475 6698 74 30 deze,
3576 6697 96 27 waarin
3700 6693 31 28 de
3749 6692 61 26 heer
3828 6690 20 26 L
3857 6690 83 25 Hame
3959 6690 31 24 de

3051 6732 39 28 rol
3106 6739 50 18 van
3174 6731 201 26 Beaumarchais
3392 6739 45 18 zoo
3454 6731 148 26 uitstekend
3620 6728 111 30 vervult,
3748 6725 80 33 droeg
3842 6730 46 40 f™
3892 6728 28 20 er
3937 6724 52 46 mf*

3052 6764 92 30 weinig
3174 6763 33 32 l>ij
3235 6770 41 19 om
3302 6762 117 33 menigen
3446 6763 123 26 bezoeker
3586 6770 63 19 naar
3667 6762 21 27 h<
3935 6762 11 17 r
3964 6763 26 17 ™

4017 113 112 32 lokken,
4155 111 137 39 overtuigd
4317 118 46 21 een
4380 110 131 28 zeldzaam
4526 111 159 33 kunstgenot
4702 111 27 26 te
4747 111 86 31 zullen
4850 110 106 32 smaken

4017 145 50 35 Wrj
4095 146 132 28 behoeven
4254 137 109 35 ditmaal
4381 143 67 28 noch
4463 143 35 35 bij
4515 143 47 27 het
4579 143 67 31 stuk,
4661 143 69 28 noch
4746 143 35 38 bij
4800 144 31 28 de
4851 145 91 28 uitvoe-

4017 178 60 33 ring
4103 180 45 27 stil
4174 181 28 25 te
4226 178 91 31 staan,
4343 176 138 33 aangezien
4507 175 73 27 beide
4602 175 74 27 reeds
4702 183 109 27 vroeger
4827 177 65 28 door
4910 185 47 19 ons

4018 210 102 26 werden
4143 209 149 35 besproken,
4325 207 260 33 Alleraangenaamst
4610 208 70 26 moet
4696 206 31 30 de
4747 209 110 33 geachte
4878 209 64 27 bene-

4018 241 90 26 ficiant
4133 243 100 26 verrast
4259 241 50 33 zijn
4333 239 128 35 geweest,
4486 239 60 27 toen
4572 239 34 32 hij
4628 247 34 18 na
4678 239 32 27 de
4728 240 77 28 derde
4822 241 76 33 akte,
4915 241 43 26 uit

4019 268 103 28 handen
4139 280 50 19 van
4207 275 85 32 zijnen
4307 267 202 33 kunstbroeder,
4535 269 48 26 den
4609 270 61 26 heer
4687 270 27 27 C.
4731 273 158 32 Cftssmann,
4907 279 48 21 een

4018 302 189 33 lauwerkrans,
4233 314 31 19 en
4291 313 46 19 een
4354 299 98 37 daarbij
4472 298 116 38 gevoegd
4604 300 124 31 kostbaar
4743 304 145 34 geschenk,
4907 301 33 32 be-

4018 335 109 26 staande
4142 335 28 25 in
4187 343 46 20 een
4251 338 149 26 diamanten
4416 334 138 33 doekspeld
4571 341 32 18 en
4620 333 56 26 dito
4693 335 76 33 ring,
4785 339 89 25 mocht
4899 338 44 25 ont-

4018 372 103 27 vangen
4131 385 6 12 ,
4161 366 46 25 dat
4230 367 74 33 hem,
4331 374 105 21 namens
4461 365 33 28 de
4518 365 110 27 direktie
4646 372 31 19 en
4695 373 46 21 een
4757 370 89 27 aantal
4861 366 80 30 kunst
4949 383 12 6 -

4019 398 139 31 vrienden,
4187 398 40 26 die
4253 400 126 28 daarvoor
4403 398 103 30 hadden
4530 398 200 32 ingeschreven,
4755 393 71 33 werd
4843 399 115 30 vereerd.

4019 431 57 26 Met
4094 436 60 20 eene
4170 428 137 35 hartelijke
4325 431 155 35 toespraak,
4505 430 40 26 die
4561 436 90 20 tevens
4669 429 48 27 den
4735 431 104 28 wensch
4853 432 31 28 in
4900 430 58 31 zioh

4022 463 83 27 sloot,
4122 461 46 26 dat
4186 459 31 28 de
4240 461 204 35 hooggeschatte
4468 463 159 27 kunstenaar
4644 469 52 25 nog
4711 461 63 37 lang
4794 471 46 20 een
4859 463 100 28 sieraad

4022 503 51 19 van
4097 490 46 31 het
4170 491 117 27 duitsche
4311 495 254 35 tooneelgezclschap
4590 502 50 19 van
4672 495 165 30 Amsterdam
4861 496 98 35 blijven

4022 526 104 30 mocht,
4150 523 100 27 besloot
4276 522 31 27 de
4331 522 70 32 Heer
4426 528 141 28 Oassmann
4592 526 78 28 onder
4690 526 69 28 luide
4776 535 32 19 en
4818 521 143 35 herhaalde

4022 554 263 39 bijvalsbetuigingen
4311 554 64 33 zijne
4402 567 157 26 aangename
4583 559 71 27 taak.
4683 559 40 28 De
4748 554 63 33 heer

4022 588 131 32 kennelijk
4178 587 158 33 aangedaan,
4362 589 78 31 want,
4465 600 32 19 en
4521 586 39 33 dit
4585 592 85 26 weten
4695 591 40 34 wij
4754 592 83 33 zeker,
4854 591 35 38 hij
4907 599 54 21 was

4023 618 131 34 volstrekt
4180 620 56 27 niet
4259 618 152 28 voorbereid
4435 630 32 25 op
4492 632 60 19 eene
4569 622 144 35 gunstrijke
4730 624 86 28 ovatie
4833 625 39 27 als
4890 625 70 27 deze.

4024 656 78 35 sprak
4129 660 33 26 op
4187 652 59 31 diep
4270 650 143 34 geroerden
4433 652 63 27 toon
4513 656 89 34 eenige
4618 654 120 27 woorden
4755 663 52 20 van
4822 656 77 31 dank,
4918 656 41 28 dio

4023 687 73 30 mede
4122 685 54 28 met
4200 681 58 28 vele
4272 681 105 43 JJyken
4402 690 51 20 van
4476 685 107 35 achting
4600 697 31 18 en
4649 687 125 34 sympatie
4793 689 104 28 werden
4913 689 31 27 be-

4024 720 84 35 groet.
4142 715 183 35 Ongetwijfeld
4350 715 40 24 zal
4411 715 32 26 de
4468 717 83 26 avond
4574 726 50 19 van
4643 719 51 28 den
4709 720 91 30 27sten
4817 720 146 28 December

4024 761 47 21 een
4090 743 202 40 onvergetelijke
4309 751 63 21 voor
4388 744 60 27 hem
4463 744 105 35 blijven.

4057 784 34 28 Jl.
4117 775 148 39 Woensdag
4287 776 126 30 woonden
4437 777 41 38 wij
4507 778 31 26 de
4566 783 81 26 eerste
4664 783 172 39 voorstelling
4853 784 35 33 btj
4906 793 57 18 van

4025 824 47 20 een
4089 815 92 35 geheel
4198 814 84 26 nieuw
4298 809 69 32 stuk,
4384 809 45 26 dat
4447 809 40 33 wrj
4507 810 89 27 echter
4611 821 79 25 geene
4709 816 128 27 aanwinst
4845 824 63 20 voor
4916 816 47 27 het

4024 848 144 34 repertoiro
4186 847 104 26 kunnen
4305 850 116 19 noemen.
4439 841 48 26 Die
4504 841 220 39 Probirmamsell,
4741 848 157 27 Lebensbild
4915 848 50 26 mit

4026 881 106 33 Gesang
4156 880 28 26 in
4209 881 17 24 3
4243 876 94 30 Akten,
4356 874 61 27 oder
4435 878 14 22 9
4470 874 132 26 Tableau*
4618 882 51 20 von
4685 879 30 27 0.
4731 880 30 26 F.
4779 881 71 34 Berg
4866 880 52 27 und
4935 880 30 28 E.

4026 913 155 28 Jacobsohn,
4199 912 104 25 kunnen
4319 907 41 34 wij
4378 906 56 27 niet
4450 906 92 27 anders
4559 906 51 26 dan
4628 911 130 27 zouteloos
4773 921 33 18 en
4822 914 48 32 vrij
4885 913 64 26 onbe-

4025 946 234 26 duidendnoemen.
4285 941 52 26 Hot
4346 940 83 26 eerste
4439 938 97 34 bedrijf
4540 939 90 26 vooral
4637 941 102 27 vonden
4747 946 40 32 wij
4799 946 25 26 al
4833 946 58 26 heel
4900 944 63 28 saai.

4028 980 48 25 Die
4104 977 213 28 Probirmamsell
4341 980 48 19 zou
4414 979 59 19 men
4495 972 106 26 kunnen
4618 972 117 27 vertalen
4752 978 69 26 met:
4839 979 56 25 Een
4911 986 37 18 mo-

4028 1013 99 30 depop;
4153 1011 46 25 het
4226 1009 21 25 is
4272 1007 58 26 hier
4355 1004 123 33 eigenlijk
4502 1011 47 19 een
4574 1004 97 43 meisje,
4694 1004 46 26 dat
4765 1007 26 25 in
4817 1017 46 19 een
4889 1011 78 35 groot

4028 1042 217 34 modemagazijn,
4270 1039 57 27 zich
4351 1037 54 26 met
4436 1033 32 28 de
4494 1037 125 26 nieuwste
4636 1033 236 37 kleedingstukken
4886 1043 77 28 tooit,

4029 1083 41 19 om
4088 1076 50 26 den
4156 1076 110 32 koopers
4285 1074 26 25 te
4330 1070 66 26 doen
4415 1069 64 30 zien,
4494 1069 48 27 hoe
4560 1070 43 25 dit
4619 1069 30 26 of
4663 1069 45 26 dat
4723 1067 77 30 kleed
4814 1072 65 27 haar
4887 1076 78 24 staat.

4030 1109 50 32 Wij
4115 1108 85 26 zullen
4226 1106 90 27 echter
4339 1102 51 26 don
4414 1101 124 27 verderen
4563 1101 98 27 inhoud
4685 1109 73 19 maar
4789 1103 176 37 onbesproken

4029 1139 79 32 laten,
4133 1148 73 18 maar
4231 1146 83 30 geven
4337 1135 54 26 Frl.
4416 1134 146 33 Stoffregen
4586 1142 97 25 gaarne
4706 1135 31 26 de
4755 1142 50 22 eer,
4822 1136 46 27 dat
4885 1139 32 32 zij
4936 1140 31 24 de

4029 1173 100 25 titelrol
4155 1170 141 28 allerliefst
4319 1166 123 28 vervulde
4460 1174 32 18 en
4508 1174 64 19 even
4589 1167 38 26 als
4644 1167 31 26 de
4691 1167 87 26 dames
4795 1167 89 33 Neme,
4903 1173 50 24 Ger-

4029 1204 67 31 lach,
4129 1205 30 26 E.
4193 1205 141 26 Cassmann
4368 1208 32 18 en
4433 1199 158 32 Dnsterloh,
4617 1208 50 18 van
4697 1200 64 26 hare
4787 1200 41 26 rol
4853 1204 112 30 maakte,

4029 1238 53 24 wat
4107 1245 27 18 er
4159 1245 50 17 van
4234 1238 27 24 te
4279 1234 92 27 maken
4390 1239 64 30 was._
4485 1232 141 38 Overigens
4642 1233 48 32 gaf
4704 1233 40 26 dit
4762 1233 63 26 stuk
4841 1233 51 27 den
4907 1237 63 24 heer

4029 1267 99 26 Ascher
4152 1269 128 26 wederom
4303 1263 170 38 gelegenheid
4496 1272 43 18 om
4554 1265 52 33 zijn
4623 1259 64 40 vlug
4703 1274 32 17 en
4752 1265 102 33 geestig
4869 1267 54 32 spel
4941 1269 28 22 te

4030 1300 102 25 toonen.
4166 1300 57 27 Ook
4248 1307 86 18 waren
4359 1292 31 32 de
4416 1297 64 25 do<>r
4500 1296 59 26 hem
4585 1305 31 18 en
4632 1298 50 26 den
4698 1298 63 26 heer
4778 1298 28 27 C.
4826 1298 141 28 Cassmann

4030 1332 193 38 voorgedragen
4253 1331 150 34 koepletten
4437 1328 56 26 niet
4525 1330 124 33 onaardig
4674 1338 32 18 en
4733 1331 100 27 vonden
4860 1332 92 25 welver-

4030 1363 111 26 dienden
4156 1364 87 33 bijval.

4062 1395 39 25 De
4117 1396 195 26 mise-en-scène
4329 1403 53 19 was
4397 1401 63 20 over
4474 1393 47 26 het
4539 1393 131 34 algemeen
4685 1393 161 39 lofwaardig.

4063 1426 103 27 Gaarne
4182 1429 98 25 zouden
4290 1429 40 37 wij
4341 1435 52 26 nog
4402 1435 50 18 van
4461 1434 46 18 een
4515 1434 64 31 paar
4589 1426 94 26 andere
4691 1426 203 34 voorstellingen
4900 1435 57 26 spre-

4033 1455 51 26 ken
4095 1476 5 11 ,
4126 1467 72 18 maar
4221 1461 110 26 ditmaal
4356 1460 100 27 hebben
4481 1460 40 33 wij
4552 1460 126 26 daarvoor
4706 1459 50 34 tijd
4772 1460 69 26 noch
4858 1461 112 31 ruimte;

4039 1486 117 28 wellicht
4174 1491 92 27 komen
4285 1494 39 32 wij
4343 1500 27 19 er
4385 1493 69 27 later
4470 1500 32 26 op
4519 1493 84 33 terug.

4068 1520 183 28 Aanstaanden
4270 1525 146 34 Maandag,
4434 1526 48 26 den
4500 1526 66 26 3den
4581 1525 83 32 dezer,
4682 1524 40 27 zal
4731 1524 31 27 de
4770 1524 136 28 beroemde
4916 1522 43 28 too-

4031 1552 182 32 neelspeelster
4237 1563 50 15 van
4304 1558 46 22 het
4365 1558 145 30 koninklijk
4527 1558 125 32 pruisisch
4670 1558 151 24 hoftheater
4838 1558 26 24 te
4883 1558 71 25 Wies-

4031 1583 91 31 baden,
4141 1584 52 25 Frl.
4212 1585 91 26 Louise
4320 1586 90 30 Wolff,
4429 1587 56 25 hier
4500 1597 64 18 voor
4579 1589 46 26 het
4643 1589 67 26 eerst
4728 1587 124 34 optreden
4870 1597 31 18 en
4919 1589 50 26 wel

4031 1617 54 25 met
4102 1617 31 25 de
4150 1616 100 26 titelrol
4267 1617 27 25 in
4311 1617 170 27 Gottschall's
4495 1612 174 43 tooneelspel:
4683 1622 144 26 Catharina
4839 1622 131 26 Howard.

4064 1649 91 26 Salon
4173 1656 48 18 dus
4239 1649 143 26 Variétés.
4408 1650 193 28 Amstelstraat.
4625 1654 54 26 Het
4688 1654 65 34 pleit
4761 1654 137 26 voorzeker
4907 1661 50 25 gun-

4032 1680 53 35 stig
4109 1688 63 19 voor
4189 1681 48 25 den
4257 1681 220 26 ondernemenden
4494 1685 72 30 geest
4583 1684 45 25 der
4644 1687 126 30 direktie,
4791 1694 43 18 om
4850 1694 46 18 een
4912 1685 61 26 stuk

4032 1714 54 26 als:
4104 1715 38 25 De
4160 1714 84 25 Idioot
4261 1722 52 17 van
4331 1715 41 24 het
4394 1714 126 32 Gebergte,
4538 1715 157 27 melodrama
4711 1726 15 18 a
4743 1717 84 33 grand
4846 1716 126 35 spectacle

4032 1747 28 26 in
4080 1749 17 25 8
4113 1744 154 31 tafercelen,
4292 1744 65 26 door
4372 1744 104 33 Eugène
4494 1746 104 34 Grangé
4615 1755 32 19 en
4663 1748 124 27 Lambert
4802 1750 128 25 Thiboust
4945 1750 28 24 te

4031 1780 98 26 durven
4146 1787 135 26 opvoeren,
4297 1786 119 18 waaraan
4434 1779 102 25 zoovele
4553 1780 92 25 kosten
4663 1787 32 19 en
4711 1780 135 28 bezwaren
4858 1782 50 33 zijn
4918 1789 43 18 ver-

4031 1813 103 27 bonden
4159 1821 31 18 en
4211 1813 112 26 waartoe
4341 1811 60 27 zulk
4416 1819 46 18 een
4480 1811 89 33 talrijk
4585 1813 132 31 personeel
4735 1805 84 34 wordt
4834 1815 138 24 vereischt.

4031 1846 145 26 Inderdaad
4195 1846 87 26 indien
4299 1853 58 19 men
4376 1845 30 27 de
4423 1844 84 27 kleine
4527 1844 102 31 ruimte,
4642 1852 130 18 waarover
4780 1846 57 26 hier
4846 1846 50 26 kan
4905 1854 50 18 wor-

4031 1879 50 25 den
4097 1879 128 31 beschikt,
4240 1879 27 25 in
4285 1878 169 39 aanmerking
4470 1878 96 32 neemt,
4583 1877 50 27 dan
4650 1877 40 27 zal
4698 1885 59 18 men
4766 1878 102 26 moeten
4877 1878 79 26 erken-

4031 1918 59 19 nen,
4108 1911 46 25 dat
4170 1911 30 24 de
4219 1912 116 30 grootste
4352 1919 31 18 en
4402 1911 83 26 schier
4496 1911 233 32 onoverkomelijke
4741 1911 169 33 hinderpalen
4918 1911 59 26 hier

4037 1942 25 24 al
4087 1950 57 17 zeer
4167 1942 65 25 licht
4248 1943 103 24 worden
4369 1943 98 32 geacht
4483 1951 31 18 en
4533 1943 56 25 niet
4605 1951 58 18 eens
4680 1944 115 32 schijnen
4813 1945 27 25 te
4856 1943 118 27 bestaan.

4035 1971 71 25 Daar
4129 1972 24 24 is
4178 1972 50 24 dan
4246 1974 48 24 ook
4311 1974 34 31 bij
4364 1968 39 31 dit
4422 1974 163 33 intelligente
4603 1968 151 40 gezelschap
4772 1983 47 18 een
4835 1976 72 33 geest
4924 1983 52 19 van

4033 2003 211 33 samenwerking,
4253 2013 46 17 een
4310 2004 90 33 ijverig
4408 2006 103 25 streven
4520 2015 41 17 om
4570 2007 50 26 den
4629 2007 69 26 bloei
4706 2015 50 18 van
4763 2007 79 27 dezen
4853 2009 102 25 schouw-

4035 2035 69 32 burg
4119 2036 27 24 te
4162 2035 167 31 bevorderen,
4345 2036 41 25 die
4403 2036 117 33 waarlijk
4532 2039 167 34 voorbeeldig
4707 2047 60 27 mag
4775 2041 125 33 genoemd
4911 2048 50 19 wor-

4033 2066 57 27 den.
4116 2067 53 26 Dat
4186 2067 30 26 de
4233 2067 141 39 opvoering
4388 2076 51 18 van
4455 2069 39 26 dit
4511 2072 176 34 omvangrijke
4704 2063 175 37 tooneelwerk
4891 2074 27 25 in
4926 2073 51 26 den

4035 2100 77 25 Salon
4135 2100 44 26 des
4194 2101 117 25 Variétés
4329 2109 45 17 zoo
4390 2101 151 28 uitnemend
4557 2105 22 25 is
4598 2096 139 41 geslaagd,
4755 2106 22 25 is
4794 2096 27 34 te
4839 2113 71 18 meer
4925 2106 39 25 lof-

4035 2132 123 33 waardig,
4175 2133 38 26 als
4231 2141 60 18 men
4307 2133 28 26 in
4351 2134 169 34 aanmerking
4537 2138 94 28 neemt,
4650 2135 46 27 dat
4713 2137 46 26 het
4774 2137 59 27 hier
4850 2139 41 25 ter
4904 2138 73 26 stede

4035 2164 87 45 eenige
4144 2165 76 33 jaren
4246 2166 106 33 geleden
4377 2176 33 25 op
4429 2176 47 19 een
4493 2171 105 30 grooter
4613 2169 104 26 tooneel
4734 2169 21 25 is
4773 2170 105 31 gezien,
4894 2178 33 17 en
4945 2170 32 25 do

4033 2194 91 28 hoofd-
4149 2206 32 18 en
4207 2198 102 27 titelrol
4332 2202 63 25 toen
4419 2200 63 28 door
4502 2211 47 17 een
4566 2203 92 26 akteur
4676 2200 39 26 als
4730 2200 91 26 Victor
4838 2202 135 26 Driessens

4035 2230 70 24 werd
4130 2231 128 35 gespeeld.
4285 2232 50 32 Wij
4358 2233 103 26 bobben
4486 2233 57 27 hier
4559 2233 27 26 in
4604 2233 31 26 de
4652 2233 89 33 vorige
4757 2233 71 26 week
4846 2233 31 26 de
4893 2236 84 24 eerste

4039 2268 139 28 opvoering
4202 2264 54 25 met
4273 2265 155 26 onverdeeld
4443 2274 132 25 genoegen
4592 2265 176 34 bijgewoond,
4786 2267 56 25 met
4858 2275 46 17 zoo
4919 2274 59 18 zeer

4036 2293 86 25 omdat
4139 2295 46 24 het
4200 2296 59 24 stuk
4277 2303 31 17 en
4317 2297 32 25 de
4357 2297 148 32 uitvoering
4518 2306 28 17 er
4554 2307 50 17 van
4616 2307 45 15 ons
4670 2297 131 26 volmaakt
4811 2298 164 31 toeschenen,

4035 2323 38 26 als
4089 2324 48 26 wel
4155 2327 87 26 omdat
4259 2327 31 27 de
4306 2328 123 33 zedelijke
4446 2329 142 34 strekking,
4606 2330 39 26 die
4663 2330 26 26 in
4706 2330 32 26 do
4750 2331 96 26 meeste
4858 2330 100 26 tooneel-

4035 2357 104 27 werken
4161 2367 51 18 van
4233 2360 137 27 franschen
4388 2369 142 24 oorsprong
4548 2372 45 17 zoo
4611 2363 91 25 zelden
4720 2355 84 32 wordt
4820 2363 132 32 gevonden
4967 2381 7 12 ,

4036 2396 46 18 ons
4097 2398 158 25 aangenaam
4272 2393 123 30 aandeed,
4411 2393 94 33 terwijl
4514 2394 31 26 de
4554 2394 104 26 velerlei
4668 2394 185 32 verrassingen,
4864 2395 40 26 die
4913 2402 28 18 er
4950 2395 27 25 in

4035 2421 170 31 voorkomen,
4231 2422 38 25 als
4292 2424 51 25 ook
4369 2425 31 25 de
4423 2425 136 35 levendige
4583 2426 142 38 handeling
4749 2426 28 26 in
4802 2426 85 35 hooge
4907 2428 70 26 mate

4036 2453 97 26 boeien.
4157 2454 54 25 Het
4235 2456 72 24 heeft
4332 2465 46 15 ons
4404 2457 123 27 derhalve
4544 2459 129 25 volstrekt
4689 2459 53 25 niet
4760 2459 154 31 bevreemd,
4931 2452 46 33 dat

4037 2485 39 25 dit
4100 2485 234 33 belangwekkende
4358 2487 158 27 melodrama
4540 2491 48 25 ook
4618 2491 26 25 in
4670 2490 31 25 de
4719 2490 152 37 afgeloopen
4889 2491 89 33 week,

4037 2517 84 26 avond
4146 2526 48 18 aan
4220 2518 99 32 avond,
4344 2520 67 25 volle
4437 2522 74 26 zalen
4535 2523 73 25 hoeft
4632 2523 97 32 gelokt.
4763 2523 70 27 Eene
4853 2524 109 26 inhouds-

4037 2558 98 34 opgave
4159 2551 94 25 achten
4278 2559 40 25 wg
4345 2552 156 31 overbodig,
4526 2555 139 32 aangezien
4694 2555 46 26 het
4755 2556 61 26 stuk
4839 2548 73 35 reeds
4929 2556 48 34 vrij

4037 2578 132 39 algemeen
4193 2583 100 27 bekend
4318 2583 37 33 is;
4381 2593 60 20 over
4468 2585 32 27 de
4528 2587 77 28 dezer
4631 2587 85 35 dagen
4739 2596 46 19 zoo
4809 2597 57 18 zeer
4890 2590 74 37 toege-

4037 2615 99 32 juichte
4154 2616 146 34 uitvoering
4317 2619 87 26 willen
4421 2620 40 32 wij
4480 2621 87 26 echter
4585 2621 48 26 ook
4650 2628 63 19 onze
4728 2622 119 32 meening
4864 2614 56 34 niet
4937 2622 28 25 te-

4037 2648 158 32 rughouden.
4231 2649 77 34 Moge
4333 2659 59 18 men
4416 2652 172 28 verschillend
4615 2653 135 27 oordcelen
4769 2661 60 19 over
4846 2653 32 27 de
4897 2661 66 19 meer-

4037 2680 59 27 dere
4114 2681 30 26 of
4155 2681 115 28 mindere
4287 2685 102 26 waarde
4404 2693 51 18 van
4472 2686 47 26 het
4534 2687 77 30 stuk,
4628 2686 85 26 hierin
4729 2686 93 26 komen
4840 2687 123 33 ongetwij-

4037 2713 53 26 feld
4107 2714 67 26 allen
4200 2724 124 24 overeen,
4349 2718 46 25 dat
4413 2718 31 26 de
4461 2718 98 27 kreatie
4580 2719 45 25 der
4644 2719 100 25 titelrol
4763 2719 64 25 door
4844 2719 50 25 den
4910 2719 70 25 Heer

4037 2753 51 19 van
4103 2746 79 28 Beem
4200 2747 39 27 Sr.
4257 2758 57 18 zeer
4330 2750 193 35 verdienstelijk
4539 2759 60 18 was.
4620 2750 43 27 Na
4680 2750 43 27 elk
4736 2750 110 28 tafereel
4864 2750 70 27 werd
4943 2750 34 34 hij

4037 2778 35 39 bjj
4109 2780 138 34 herhaling
4279 2784 204 33 teruggeroepen
4517 2792 31 18 en
4573 2783 177 34 toegejuicht,
4775 2791 48 18 een
4847 2784 51 25 wel
4923 2791 44 18 ver-

4038 2811 78 26 diend
4140 2813 59 25 loon
4224 2822 61 18 voor
4303 2816 48 31 zijn
4369 2817 151 27 nauwgezet
4537 2815 154 27 bestudeerd
4709 2823 32 18 en
4756 2815 144 34 natuurlijk
4917 2815 64 33 spel.

4038 2843 111 28 Terecht
4167 2844 89 27 deelde
4272 2845 80 27 Mevr.
4364 2848 154 26 Larondelle
4534 2849 54 25 met
4605 2849 60 26 hem
4674 2848 31 26 de
4715 2856 41 19 eer
4765 2856 51 19 van
4828 2848 51 26 den
4887 2848 93 26 avond.

4041 2877 87 25 Onder
4154 2877 31 25 de
4209 2878 107 32 keurige
4339 2880 159 30 momenten,
4532 2881 70 25 want
4620 2881 31 31 zij
4670 2880 52 25 had
4741 2888 27 18 er
4783 2880 71 30 vele,
4872 2887 109 19 noemen

4038 2909 41 32 wij
4114 2909 87 26 vooral
4237 2909 61 31 dat,
4331 2909 97 26 waarin
4454 2910 31 31 zij
4513 2910 50 26 den
4590 2911 73 25 idoot
4687 2911 66 25 leert
4775 2911 104 26 bidden.
4911 2913 70 26 Over

4041 2940 46 26 het
4103 2941 91 32 geheel
4212 2941 73 26 heeft
4302 2941 30 32 zij
4354 2941 31 26 de
4403 2941 93 32 hoogst
4513 2942 143 32 moeielijke
4674 2943 39 24 rol
4724 2950 51 18 van
4785 2944 99 25 Jeanne
4897 2943 84 31 Pajol,

4039 2972 47 26 het
4103 2980 63 17 voor
4181 2973 31 22 do
4231 2980 41 17 oor
4287 2973 78 24 haars
4390 2972 91 25 vaders
4499 2974 64 25 alles
4580 2974 161 26 opot—rende
4756 2974 105 31 meisje,
4887 2980 77 18 onver-

4041 3001 120 33 beterlijk
4181 3002 177 33 voorgesteld,
4382 3009 33 18 en
4430 3004 40 32 wij
4491 3004 93 26 maken
4603 3011 64 20 naar
4684 3004 116 34 deswege
4818 3013 46 18 een
4880 3005 83 33 welge-

4042 3035 92 26 meend
4149 3035 176 32 kompliment.
4358 3034 59 26 Van
4435 3031 46 30 hét
4496 3038 77 30 groot
4591 3037 87 25 aantal
4696 3044 131 24 personen,
4846 3028 39 33 die
4898 3037 28 27 in
4941 3038 40 26 dit

4041 3067 122 27 boeiende
4181 3067 59 25 stuk
4258 3066 171 32 voorkomen,
4446 3074 31 19 en
4494 3067 40 27 die
4553 3067 39 34 wij
4611 3067 159 41 onmogelijk
4788 3069 67 30 allen
4873 3070 106 28 kunnen

4038 3111 123 21 noomen,
4187 3100 137 28 verdienen
4341 3093 89 33 vooral
4452 3102 31 26 de
4500 3100 93 28 heeren
4610 3102 92 27 Judels
4726 3100 40 30 als
4781 3093 50 37 den
4853 3105 112 25 marskra-

4038 3143 57 20 mer
4109 3135 124 30 Roussel,
4258 3135 129 27 Hermans
4403 3133 39 27 als
4461 3133 113 35 Jacques
4591 3135 149 33 Caussade,
4766 3137 45 26 ten
4832 3137 85 26 Bosch
4942 3136 39 25 als

4038 3170 83 31 Paul,
4148 3169 91 33 Bruijn
4266 3169 38 27 als
4323 3168 87 28 Pierre
4436 3168 77 35 Pajol
4538 3177 32 19 en
4594 3170 104 33 Kapper
4735 3170 39 26 als
4800 3169 31 26 de
4848 3168 132 33 brigadier

4038 3203 106 25 Placide
4168 3202 126 26 Baudrier
4312 3203 54 25 met
4390 3202 40 26 lof
4442 3202 28 26 te
4495 3203 104 25 worden
4616 3202 122 26 vermeld.
4770 3201 207 27 Mise-en-scène

4039 3241 32 19 en
4089 3235 151 25 dekoratiën
4256 3243 86 18 waren
4358 3235 93 32 keurig
4468 3241 32 18 en
4518 3235 120 25 strekken
4656 3235 31 25 de
4703 3234 80 33 goede
4800 3241 63 27 zorg
4879 3233 45 27 der
4944 3231 25 27 di-

4038 3266 84 26 rektie
4141 3267 41 24 tot
4200 3274 50 18 eer.

4076 3298 122 26 Gisteren
4224 3296 124 30 (Zondag)
4374 3296 85 24 avond
4475 3298 70 25 werd
4561 3298 64 30 hier,
4643 3305 64 19 naar
4723 3298 41 32 wij
4782 3304 144 22 vernemen,
4944 3296 35 30 bij

4041 3326 170 33 gelegenheid
4233 3334 51 17 van
4309 3326 46 25 het
4380 3326 98 26 nieuwe
4489 3328 69 32 jaar,
4576 3337 61 19 eene
4654 3330 98 27 nieuwe
4769 3330 117 33 operette
4904 3335 61 26 opge-

4039 3357 86 33 voerd,
4143 3358 124 34 getiteld:
4292 3358 54 26 Het
4362 3358 259 33 Huzaren-huwelijk
4637 3364 32 27 of
4682 3371 46 17 een
4746 3363 164 26 zomernacht
4911 3363 26 31 je
4954 3363 26 22 in

4041 3392 105 30 Spanje,
4162 3398 64 17 naar
4241 3390 46 25 het
4303 3389 104 26 fransch
4424 3397 51 18 van
4491 3391 105 25 Dartois
4613 3391 154 25 Lafontaine
4787 3402 31 15 en
4837 3394 78 27 Léon,
4935 3391 31 25 be-

4041 3423 83 26 werkt
4139 3422 63 26 door
4219 3422 32 26 11.
4270 3420 70 27 Edw.
4357 3422 139 32 Capadose,
4511 3424 190 32 voorafgegaan
4710 3423 63 25 door
4781 3423 31 27 de
4822 3416 156 34 voordracht

4041 3464 50 17 van
4117 3454 86 35 eenige
4227 3454 330 33 gelegenheidskoepletten
4581 3456 64 24 door
4664 3456 48 25 den
4730 3455 61 26 heer
4811 3456 25 25 S.
4851 3457 77 24 Beem
4939 3456 38 25 Jr.

4042 3487 115 28 Gevolgd
4358 3487 91 26 prooto
4476 3487 116 22 tombola
4616 3494 51 17 van
4691 3487 185 27 verschillende
4897 3488 80 25 fraaie

4041 3520 103 31 prijzen.
4176 3515 40 33 Op
4244 3513 61 27 deze
4329 3514 177 35 voorstelling,
4533 3516 40 26 die
4597 3516 39 34 wij
4655 3516 54 26 niet
4726 3519 102 26 konden
4846 3522 133 30 bijwonen,

4039 3550 87 26 omdat
4144 3549 31 26 de
4192 3548 257 37 stads-schouwburg
4468 3559 46 19 ons
4531 3550 64 34 riep,
4613 3550 93 26 komen
4723 3550 40 33 wij
4778 3552 27 25 in
4813 3559 47 19 een
4870 3552 110 33 volgend

4038 3583 103 33 verslag
4159 3583 83 32 terug.

4072 3617 53 26 Ons
4142 3617 53 26 rest
4213 3625 51 25 nog
4281 3617 31 26 de
4329 3615 177 30 mededeeling
4522 3624 50 18 van
4589 3624 46 18 een
4654 3617 138 33 nieuwtje,
4817 3615 61 30 dat,
4896 3615 84 25 dunkt

4039 3656 60 20 ons,
4116 3650 77 30 nogal
4212 3650 89 30 opzien
4318 3647 80 24 baren
4416 3647 47 22 zal.
4488 3647 35 24 Jl.
4543 3647 259 33 Donderdag-avond
4818 3648 22 25 is
4858 3654 45 19 ons
4923 3647 46 25 offi-

4038 3672 64 35 cieel
4129 3681 99 26 bekend
4251 3678 152 34 geworden,
4422 3677 45 26 dat
4485 3677 32 26 de
4534 3677 79 26 Salon
4630 3679 45 25 des
4694 3681 117 26 Variétés
4827 3683 53 25 met
4897 3679 83 39 primo

4037 3713 53 26 Mei
4108 3722 21 18 e.
4146 3715 26 25 k.
4191 3722 47 18 aan
4257 3712 48 24 den
4333 3710 60 25 heer
4411 3709 90 26 Victor
4518 3709 133 26 Driessens
4668 3711 40 24 zal
4724 3711 138 31 belmoren,
4874 3715 40 26 die
4926 3715 53 25 met

4038 3746 48 33 zijn
4113 3746 107 32 gunstig
4245 3741 99 30 bekend
4362 3741 151 33 gezelschap
4531 3742 39 26 dit
4589 3741 163 34 geliefkoosd
4768 3743 86 25 lokaal
4874 3745 39 24 zal
4930 3746 33 25 be-

4037 3778 96 32 spelen,
4149 3777 94 30 terwijl
4261 3776 30 24 de
4311 3774 61 25 heer
4390 3772 92 27 Judels
4499 3782 63 18 voor
4577 3774 133 34 geruimen
4721 3774 50 33 tijd
4779 3774 38 26 als
4826 3775 92 27 akteur
4929 3787 50 18 aan

4038 3810 31 26 de
4087 3810 64 26 zaak
4168 3810 71 32 blijft
4258 3804 155 30 verbonden.

4070 3843 103 28 Tivoli,
4191 3843 59 25 Nes.
4278 3840 38 26 De
4335 3836 102 27 aktieve
4454 3837 141 33 direkteur,
4612 3839 31 27 de
4661 3839 61 26 heer
4739 3839 91 26 Victor
4844 3839 135 27 Driessens

4036 3874 73 27 heeft
4126 3875 57 26 hier
4199 3874 27 26 in
4244 3873 31 25 de
4302 3869 150 32 afgeloopen
4478 3872 71 26 week
4566 3873 84 26 weder
4667 3880 46 19 een
4723 3872 91 34 geheel
4822 3872 84 26 nieuw
4915 3873 60 25 stuk

4037 3907 65 27 doen
4113 3915 131 28 opvoeren,
4256 3904 45 27 dat
4310 3904 74 25 dezer
4394 3901 81 34 dagen
4485 3904 85 28 furore
4578 3906 89 26 maakt
4676 3906 26 25 te
4710 3906 90 33 Parijs,
4811 3912 70 20 waar
4889 3904 46 27 het
4946 3912 32 32 op

4036 3931 46 35 het
4107 3941 112 25 Theater
4237 3939 34 24 du
4289 3935 129 32 Gymnase
4434 3937 53 24 met
4504 3938 119 25 éklatant
4641 3946 87 17 succe6
4746 3939 85 25 wordt
4848 3931 128 40 gespeeld.

4037 3972 50 31 Wij
4097 3971 142 27 bedoelden
4250 3979 6 17 :
4273 3966 168 30 Frou-Frou,
4459 3969 157 35 tooneelspel
4626 3970 26 27 in
4663 3974 15 22 5
4688 3970 131 35 bedrijven
4837 3970 142 30 vanHenri

4037 4000 112 30 Méilhac
4167 4013 31 17 en
4217 4000 111 28 Lodovic
4345 3998 107 30 Halevy,
4472 4009 64 19 naar
4552 4004 45 25 het
4615 4004 103 25 fransch
4728 4004 63 25 door
4800 4004 24 25 J.
4834 4004 28 25 P.
4873 4005 100 30 Hagen.

4038 4037 130 26 Ofschoon
4193 4036 46 26 het
4263 4032 59 26 stuk
4341 4030 120 33 eigenlijk
4478 4033 26 26 in
4521 4035 31 26 de
4570 4035 131 34 Parijsche
4719 4035 138 27 hoofdstad
4876 4037 26 25 te
4919 4037 59 26 huis

4036 4069 126 31 behoort,
4180 4076 31 18 en
4230 4067 30 26 de
4277 4062 158 28 verbazende
4453 4064 103 37 toeloop
4573 4068 63 26 daar
4654 4076 46 18 ons
4715 4068 50 26 dus
4780 4068 27 25 in
4825 4068 45 25 het
4887 4061 92 40 geheel

4037 4102 54 25 niet
4117 4100 182 27 verwonderen
4325 4095 67 31 kan,
4420 4103 45 19 zoo
4491 4100 123 33 twijfelen
4639 4101 40 32 wij
4707 4101 90 25 echter
4817 4100 56 26 niet
4889 4101 30 25 of
4931 4100 47 26 het

4037 4134 39 25 zal
4103 4134 48 25 ook
4178 4133 57 25 hier
4251 4128 48 28 wel
4318 4134 103 25 opgang
4439 4130 98 28 maken.
4564 4133 53 26 Het
4635 4133 21 26 is
4669 4127 51 32 'een
4739 4131 59 27 stuk
4815 4131 70 27 deels
4903 4139 61 20 vroo-

4037 4166 46 32 lijk
4119 4175 30 17 en
4183 4159 200 32 lachwekkend,
4417 4159 69 31 deels
4519 4165 171 33 aandoenlijk.
4726 4165 61 26 Wat
4821 4165 48 26 den
4900 4174 76 17 naam

4038 4200 152 24 Frou-Frou
4221 4193 128 32 aangaat,
4380 4191 40 26 dit
4443 4193 21 26 is
4491 4204 46 19 een
4563 4198 111 32 bijnaam
4700 4205 50 18 van
4776 4198 117 26 Gilberte
4919 4198 45 26 Bri-

4037 4222 72 41 gard,
4137 4230 40 26 die
4204 4234 58 19 men
4287 4224 59 26 dien
4370 4231 76 19 naam
4470 4226 71 30 heeft
4564 4237 123 26 gegeven,
4704 4230 87 27 omdat
4809 4230 31 32 zij
4859 4230 120 34 levendig

4037 4272 31 17 en
4095 4259 151 37 opvliegend
4271 4257 21 26 is
4312 4264 30 19 en
4361 4258 106 26 meestal
4485 4263 98 28 gehoor
4598 4263 71 37 geeft
4685 4270 48 19 aan
4752 4263 50 25 den
4818 4263 102 25 eersten
4939 4263 26 26 in-

4037 4287 73 37 druk,
4128 4294 58 25 dien
4195 4292 31 40 zij
4246 4289 135 27 ontvangt;
4398 4287 142 32 bovendien
4557 4294 22 25 is
4596 4294 32 33 zij
4637 4292 172 32 veranderlijk
4819 4293 38 26 als
4867 4293 30 26 de
4909 4294 71 26 wind

4037 4335 31 19 en
4100 4325 91 27 breekt
4218 4323 65 26 haar
4299 4319 78 26 hoofd
4394 4320 93 35 weinig
4519 4328 53 26 niet
4607 4325 112 35 ernstige
4746 4324 87 31 zaken,
4859 4335 70 19 waar
4946 4328 31 32 zij

4037 4367 105 51 fewoon
4168 4357 21 24 is
4217 4354 119 30 vluchtig
4361 4354 124 26 overheen
4514 4361 26 22 te
4563 4359 98 33 loopen.
4695 4358 37 31 Zij
4749 4357 74 26 huwt
4840 4359 94 25 zonder
4950 4361 27 24 te

4055 4391 126 25 eminnen,
4207 4387 50 25 den
4281 4393 59 17 man
4367 4383 59 26 dien
4450 4387 60 26 hare
4537 4391 85 26 zuster
4645 4398 51 18 van
4723 4383 74 32 harte
4815 4397 115 26 genegen
4948 4391 30 26 is.

4036 4422 119 32 Brigard,
4173 4421 64 25 haar
4256 4416 78 27 vader
4350 4415 21 25 is
4389 4423 46 19 een
4453 4420 73 27 echte
4544 4424 61 33 type
4622 4431 51 18 van
4690 4430 45 18 een
4753 4421 164 33 parijzenaar,
4932 4431 46 19 zoo

4036 4456 39 25 als
4091 4454 99 26 helaas!
4211 4452 73 25 velen
4303 4448 103 25 worden
4598 4456 43 31 Hij
4659 4455 99 24 bemint
4775 4453 64 32 zijne
4857 4455 120 25 dochters

4035 4495 73 17 maar
4133 4486 34 31 hij
4186 4482 83 27 houdt
4286 4487 51 25 nog
4354 4487 70 18 moer
4440 4489 50 19 van
4506 4486 90 27 zekere
4612 4488 99 30 dames;
4736 4485 35 33 hij
4788 4485 22 26 is
4827 4493 46 19 een
4890 4486 87 32 vader,

4036 4519 40 26 die
4094 4518 50 26 n.b.
4161 4517 56 26 zich
4235 4514 86 26 zelven
4342 4513 149 33 onwaardig
4506 4520 63 24 acht
4576 4521 78 31 grijze
4667 4521 78 24 haren
4755 4519 25 24 te
4791 4518 98 32 dragen
4898 4527 32 15 en
4943 4527 32 24 op

4035 4551 65 32 zijne
4126 4550 72 30 jaren
4215 4554 52 21 nog
4284 4545 31 26 de
4332 4544 170 30 petit-maitre
4519 4547 99 35 speelt.'
4642 4550 53 28 Dat
4715 4550 58 33 niej.
4791 4550 135 26 Driessens
4945 4550 31 26 de

4035 4583 99 26 titelrol
4160 4577 149 30 uitnemend
4333 4576 73 26 heeft
4435 4584 109 26 opgevat
4563 4592 31 17 en
4609 4586 54 24 met
4683 4579 102 31 entra'in
4802 4585 44 24 ten
4864 4584 112 33 gehoorc

4035 4615 100 28 bracht,
4162 4612 84 26 wordt
4272 4617 46 24 vrij
4346 4609 131 31 algemeen
4495 4615 102 31 erkend,
4615 4625 32 15 en
4664 4617 48 25 ook
4730 4617 41 31 wij
4789 4616 102 26 hebben
4911 4617 65 25 haar

4035 4646 142 28 natuurlijk
4202 4643 54 32 spel
4283 4641 58 26 heel
4358 4641 48 24 hef
4423 4645 139 28 gevonden.
4597 4648 39 26 De
4654 4644 120 30 moderne
4795 4648 79 26 vader
4891 4649 85 26 wordt

4035 4678 64 27 door
4122 4677 50 26 den
4199 4676 61 26 lieer
4289 4674 145 30 Driessens,
4460 4677 53 25 met
4538 4680 47 26 het
4609 4681 59 26 hem
4690 4680 83 27 alleen
4799 4680 76 32 eigen
4890 4681 86 26 talent

4035 4716 189 31 weergegeven.
4254 4707 53 24 Dat
4324 4713 51 15 was
4401 4706 48 24 wel
4474 4707 30 26 de
4521 4709 118 28 kurlense
4657 4704 86 35 vader,
4760 4710 59 26 dieii
4841 4710 31 27 de
4883 4713 78 33 schrij-

4035 4750 58 17 vers
4126 4741 56 25 zich
4215 4736 175 28 voorstelden;
4431 4746 46 18 een
4511 4740 169 35 lichtzinnig,
4713 4752 73 18 maar
4811 4743 71 28 ftoch
4909 4752 65 26 geen

4035 4774 83 25 slecht
4141 4773 91 28 vader;
4258 4772 31 24 de
4313 4769 206 33 verdienstelijke
4544 4775 133 27 direkteur
4702 4776 72 26 heeft
4799 4778 38 26 er',
4852 4785 44 19 eer
4912 4785 58 19 van.

4035 4806 100 24 Gaarne
4146 4812 79 24 geven
4241 4804 40 31 wij
4293 4801 47 25 den
4358 4807 120 27 ovengen
4496 4808 155 28 vertooners,
4669 4817 31 17 en
4710 4808 89 26 vooral
4817 4809 48 24 den
4881 4811 94 25 heeren

4035 4837 85 33 Corijn
4140 4837 92 32 (Henri
4250 4834 31 26 de
4298 4833 141 32 Sartorijs),
4457 4843 48 20 van
4524 4838 78 33 Kuijk
4620 4840 93 31 (Graaf
4724 4839 66 26 Paul
4800 4838 31 27 de
4841 4839 131 34 Vulreas),

4035 4870 126 25 benevens
4170 4870 47 24 den
4228 4866 92 26 beiden
4346 4865 85 25 dames
4457 4866 167 30 Verstraoten
4650 4872 30 24 da
4698 4878 52 24 eer,
4768 4871 46 25 dat
4831 4873 31 33 zij
4881 4876 91 33 ijverig

4035 4900 103 26 hebben
4162 4897 190 34 medegewerkt
4377 4905 41 17 om
4443 4897 46 27 het
4514 4900 126 27 behaalde
4663 4910 87 18 succes
4766 4903 27 25 te
4811 4907 163 25 verzekeren.

4033 4932 46 24 Dit
4098 4932 102 31 geestig
4218 4929 158 33 tooneelspel
4394 4929 39 25 zal
4452 4931 48 26 ook
4517 4933 57 26 hier
4590 4935 139 25 voorzeker
4746 4942 52 27 nog
4814 4938 102 33 menige
4931 4948 30 24 op-

4035 4963 107 32 voering
4159 4959 112 28 beleven.

4067 4995 50 31 Wij
4143 5002 92 24 mogen
4263 5001 46 18 ons
4337 4993 103 32 verslag
4459 4994 56 26 niet
4532 4996 122 32 eindigen
4674 4998 93 28 zonder
4783 5008 50 21 van
4851 5002 32 26 de
4899 5002 60 26 mise-

4035 5026 124 27 en-scène,
4178 5026 146 25 decoratié'n
4341 5033 33 18 en
4390 5033 57 18 zeer
4465 5026 79 27 fraaie
4563 5028 131 31 kostumes
4710 5034 54 27 met
4782 5034 40 28 lof
4835 5035 26 27 te
4871 5035 103 27 hebbeu

4033 5057 137 33 gewaagd;
4187 5057 30 27 de
4235 5057 113 27 laatsten
4365 5059 87 26 vooral
4470 5061 102 27 werden
4590 5063 135 33 algemeen
4747 5068 155 26 bewonderd

4041 5156 260 33 BERICHTEN
4317 5157 47 33 IN
4381 5158 59 33 DE
4454 5160 213 35 LAATSTE
4691 5163 158 33 EDITIE
4873 5163 97 33 VAN

4078 5200 91 33 HET
4193 5202 150 33 VORIG
4378 5202 203 33 NOMMER
4612 5205 304 33 OPGENOMEN.

4065 5291 13 12 *
4096 5291 256 26 LEEUWARDEN,
4370 5293 30 24 31
4420 5290 61 25 Dec.
4504 5290 38 27 De
4559 5293 69 27 trom
4648 5304 50 17 van
4716 5295 123 31 Arnhem,
4857 5297 43 27 die
4922 5306 39 26 gis-

4032 5323 74 25 teren
4131 5323 83 24 avond
4240 5330 41 18 om
4306 5324 65 26 7.34
4396 5329 50 17 uur
4462 5324 83 25 moest
4563 5327 158 30 aankomen,
4740 5328 145 28 arriveerde
4903 5321 70 41 bijna

4033 5362 46 17 oen
4097 5362 48 15 uur
4165 5355 27 24 te
4208 5354 61 24 laat.
4304 5354 39 31 Bij
4357 5353 138 30 Steenwijk
4513 5363 53 19 was
4583 5357 32 25 de
4632 5357 152 27 locomotief
4798 5362 110 26 onklaar
4925 5369 31 24 ge-

4033 5385 110 26 worden.
4180 5385 51 26 Tot
4259 5385 167 25 Heeronveen
4452 5383 63 34 ging
4538 5388 46 27 het
4609 5389 60 26 toen
4697 5389 136 34 langzaam
4858 5394 103 26 vooruit

4032 5418 58 25 Van
4107 5417 64 25 daar
4187 5417 70 25 werd
4273 5415 152 32 vervolgens
4444 5424 41 19 om
4502 5427 47 19 een
4566 5421 150 27 locomotief
4731 5425 112 30 geseind,
4864 5427 40 26 die
4922 5427 51 26 don

4032 5448 69 25 trein
4120 5447 142 26 herwaarts
4277 5447 102 25 bracht.

4067 5480 128 26 Ofschoon
4219 5479 58 25 hier
4299 5478 182 28 verscheidene
4498 5485 85 27 malen
4600 5487 80 33 daags
4698 5491 17 24 3
4733 5487 103 30 treinen
4852 5491 26 27 te
4897 5491 63 31 gelij-

4032 5512 96 33 kertijd
4153 5511 143 25 aankomen
4320 5518 31 18 en
4376 5512 171 34 vertrekken,
4566 5520 84 25 wordt
4667 5528 27 19 er
4710 5520 69 27 niets
4794 5513 118 39 gedaan!
4929 5531 41 18 ora

4035 5545 38 38 de.
4081 5551 143 27 passagiers
4240 5543 46 25 het
4303 5543 169 33 overstappen
4487 5551 172 34 gemakkelijk
4675 5554 26 27 te
4721 5555 102 28 maken.
4841 5556 72 27 Door
4923 5556 48 27 den

4033 5578 77 32 grind
4127 5577 65 26 heen
4211 5576 71 25 moet
4298 5576 39 25 dit
4357 5576 167 35 geschieden,
4543 5581 112 37 hetgeen
4670 5587 35 32 bij
4724 5596 79 24 regen
4821 5597 32 17 en
4870 5596 102 19 sneeuw

4033 5610 89 26 vooral
4149 5615 57 18 zeer
4231 5615 194 24 onaangenaam
4466 5617 45 20 zoo
4528 5616 54 26 niet
4602 5626 66 19 soms
4687 5621 144 31 gevaarlijk
4850 5621 28 26 is.
4915 5621 57 26 Van

4035 5641 174 32 overdekking
4225 5647 22 17 is
4264 5647 26 18 in
4307 5639 47 26 het
4370 5640 90 33 geheel
4478 5652 64 24 geen
4558 5650 107 32 sprake,
4683 5661 45 18 zoo
4744 5653 47 27 dat
4808 5654 31 26 de
4848 5653 123 32 reizigers

4033 5675 84 26 steeds
4134 5680 50 18 aan
4200 5672 31 25 de
4248 5672 116 25 ruwheid
4381 5681 51 18 van
4447 5675 46 26 het
4511 5682 85 26 weder
4611 5683 51 32 zijn
4681 5685 182 33 blootgesteld.
4880 5686 39 24 De
4929 5692 28 18 ex-

4033 5704 318 38 ploitatie-maatschappij
4376 5704 53 27 kan
4453 5709 53 25 met
4524 5712 78 30 dezen
4622 5718 122 27 toestand
4762 5718 56 25 niet
4835 5715 136 28 onbekend

4033 5748 50 25 zijn
4101 5747 30 19 en
4149 5737 48 31 zal,
4215 5744 63 18 naar
4296 5744 59 18 men
4370 5739 149 34 vertrouwt,
4537 5754 48 19 aan
4603 5750 32 26 de
4651 5750 124 26 klachten
4792 5750 125 26 daarover
4925 5752 46 24 ten

4033 5771 145 35 spoedigste
4198 5777 46 18 een
4260 5771 73 24 einde
4350 5771 122 30 trachten
4488 5776 26 26 te
4531 5780 90 26 maken

4065 5800 294 37 §lIAI«DEGARIJP,
4385 5806 33 22 30
4440 5805 61 27 Dec.
4534 5811 128 33 Zaterdag
4687 5812 27 30 jl.
4740 5812 21 26 is
4785 5812 123 28 tusschen
4932 5813 39 27 dit

4032 5838 64 32 dorp
4114 5844 31 17 en
4163 5835 46 24 het
4225 5835 220 33 Zwsrtewegsend
4462 5841 79 27 onder
4557 5839 151 38 Rüperkefk
4724 5845 132 32 gevonden
4870 5845 46 26 het
4924 5845 47 32 lijk

4031 5878 50 19 van
4100 5875 46 19 een
4162 5872 188 25 manspersoon,
4368 5875 84 21 zwaar
4468 5880 50 19 van
4535 5878 118 31 gestalte,
4670 5877 53 26 met
4741 5884 45 19 een
4805 5877 93 27 dikken
4911 5887 46 18 ron-

4031 5904 50 25 den
4097 5908 78 20 neus,
4193 5906 129 24 eenigzins
4338 5901 138 35 pokdalig,
4494 5904 63 38 lang
4577 5915 69 27 1,942
4662 5910 45 30 M.,
4728 5910 109 33 gekleed
4852 5911 54 26 met
4924 5920 47 17 een

4031 5933 241 30 blauwlakenschen
4286 5941 56 24 jas,
4361 5937 79 24 zwart
4459 5937 158 38 gekeperden
4638 5943 94 32 broek,
4756 5943 86 26 blauw
4859 5943 111 26 bukskin

4031 5968 71 28 vest,
4119 5966 219 26 •zwartlakensche
4354 5966 83 34 platte
4453 5970 59 32 pet,
4539 5976 175 26 zwartwollen
4739 5976 112 31 sokken,
4867 5976 104 26 lederen

4030 6000 152 34 pantoftols,
4211 6000 175 25 blauwbaaien
4411 6000 158 33 onderbroek
4593 6018 31 17 en
4649 6009 141 28 hemdrok,
4814 6008 87 25 blauw
4928 6015 30 25 ge-

4031 6032 98 31 streept
4153 6031 138 24 boezeroen
4303 6051 6 6 ,
4335 6031 74 25 hemd
4434 6034 53 25 met
4512 6037 31 26 de
4560 6040 91 27 letters
4668 6041 27 26 F.
4714 6040 57 28 W.,
4796 6046 46 18 een
4860 6038 110 27 zilveren

4031 6066 59 30 ring
4106 6071 48 18 aan
4173 6063 47 24 den
4239 6063 152 25 middelsten
4409 6072 89 25 vinger
4514 6077 50 22 van
4581 6073 31 27 de
4629 6071 174 35 regterhand,
4819 6078 103 27 waarop
4939 6072 31 27 de

4030 6099 91 25 letters
4139 6097 22 22 Iv
4191 6097 87 30 J.8.,
4297 6097 107 30 volgens
4420 6104 133 30 paspoort,
4570 6106 34 31 bij
4622 6106 59 25 hem
4697 6102 141 32 gevonden,
4856 6110 98 20 vermoe-

4030 6128 78 33 delijk
4134 6126 125 35 geheeten
4284 6126 28 27 F.
4330 6126 25 26 J.
4374 6128 124 35 Wilbers,
4524 6137 112 31 geboren
4655 6138 26 24 te
4701 6135 19 25 's
4733 6135 188 33 Gravenhage,
4938 6145 32 22 op

4029 6165 31 22 21
4078 6156 142 31 December
4239 6162 69 24 1849.
4872 6156 17 14 b
4955 6156 15 15 *

4061 6241 319 30 LEEUWARDEN,
4396 6244 30 25 31
4437 6243 59 30 Dec.
4522 6249 38 27 De
4578 6249 94 34 prijzen
4693 6255 47 18 van
4759 6247 46 30 het
4820 6250 51 27 Fee
4881 6256 86 20 waren

4029 6276 84 26 heden
4128 6275 38 25 als
4183 6274 85 31 volgt:
4285 6276 50 22 234
4351 6275 71 26 vette
4440 6276 105 37 Koeijen
4563 6291 48 18 van
4630 6281 196 34 ƒ145t0t350;
4844 6282 124 26 26melke

4029 6308 56 27 dito
4109 6315 50 18 van
4185 6307 73 28 ƒBO
4273 6307 43 24 tot
4343 6308 61 31 195;
4437 6308 132 33 varedito
4589 6321 50 19 van
4656 6313 25 28 ƒ
4698 6328 31 4 —
4746 6315 43 26 tot
4806 6326 45 20 —;
4866 6318 15 25 7
4899 6314 69 26 kalfs

4029 6341 56 26 dito
4102 6347 50 18 van
4168 6339 25 30 ƒ
4207 6341 44 24 120
4266 6340 41 24 tot
4324 6341 64 28 210;
4414 6343 14 25 6
4446 6350 107 24 vaarzen
4571 6354 50 19 van
4639 6346 66 28 ƒ9O
4730 6347 41 26 tot
4793 6351 60 28 185;
4880 6351 15 22 4
4913 6346 41 34 pin-

4029 6374 50 25 ken
4095 6380 50 18 van
4163 6372 57 28 ƒ45
4238 6373 40 21 tot
4294 6373 47 25 88;
4357 6374 39 24 lil
4419 6374 79 30 Ossen
4515 6387 48 19 van
4583 6379 74 30 ƒ125
4674 6379 41 26 tot
4733 6384 65 26 270;
4818 6383 30 22 10
4865 6379 103 25 Stieren

4029 6415 48 18 van
4095 6406 58 31 ƒ75
4169 6405 41 25 tot
4227 6406 56 26 225;
4303 6406 28 26 17
4350 6406 69 26 vette
4437 6409 125 31 Kalveren
4581 6419 48 20 van
4648 6412 66 31 ƒ2O
4735 6415 44 25 tot
4794 6416 48 27 55;
4859 6426 32 4 —
4909 6418 59 24 gras

4029 6441 54 26 dito
4101 6448 50 17 van
4169 6439 19 28 f
4204 6452 31 4 —
4251 6439 41 24 tot
4310 6448 38 20 —:;
4357 6442 17 22 8
4389 6443 124 28 nuchtere
4531 6448 56 25 dito
4606 6452 48 19 van
4674 6446 24 28 ƒ
4708 6450 15 21 5
4741 6448 43 24 tot
4794 6448 28 22 10
4833 6454 5 18 ;
4847 6445 32 22 29
4897 6442 71 24 vette

4029 6471 116 26 Varkens
4161 6478 50 17 van
4230 6470 65 28 ƒ75
4310 6471 43 24 tot
4372 6475 59 30 130;
4448 6478 28 24 12
4494 6478 56 26 dito
4569 6478 99 32 Biggen
4687 6485 48 19 van
4761 6477 26 30 ƒ
4812 6476 33 22 48
4861 6472 41 25 tot
4920 6476 47 30 85;

4028 6509 33 22 23
4081 6510 102 26 magere
4201 6502 115 26 Varkens
4332 6510 50 20 van
4391 6507 65 30 ƒ22
4473 6510 41 26 tot
4531 6516 47 22 40:
4606 6513 30 25 10
4654 6510 54 26 dito
4729 6509 100 30 Biggen
4846 6511 50 19 van
4917 6508 51 28 ƒ6

4029 6540 40 24 tot
4094 6541 46 25 20;
4159 6539 32 24 56
4218 6536 71 25 vette
4306 6536 63 26 Scha
4376 6547 45 24 pen
4440 6549 47 19 van
4513 6546 59 25 ƒ2O
4590 6543 41 26 tot
4649 6547 47 25 40;
4716 6543 30 21 10
4762 6536 81 27 melke
4854 6537 54 27 dito
4918 6549 50 17 van

4029 6572 26 31 ƒ
4070 6574 17 22 8
4103 6570 41 25 tot
4161 6570 47 28 26;
4227 6582 31 4 —
4277 6576 102 24 magere
4395 6570 54 31 dito
4467 6583 50 19 van
4534 6576 25 30 ƒ
4569 6589 31 5 —
4625 6576 41 25 tot
4687 6581 46 19 —;
4754 6572 45 24 188
4817 6569 151 28 Lammeren

4028 6613 50 18 van
4094 6602 26 32 ƒ
4136 6606 15 27 7
4169 6602 40 26 tot
4218 6604 47 28 24;
4283 6605 14 24 4
4315 6604 70 26 vette
4402 6606 106 30 Hamels
4524 6618 51 18 van
4591 6608 51 31 ƒ8
4657 6606 41 25 tot
4709 6606 45 28 10;
4772 6617 32 5 —
4812 6602 139 35 Werkpaar-

4029 6639 50 26 den
4097 6646 50 17 van
4156 6637 25 28 ƒ
4191 6651 31 4 —
4238 6634 41 26 tot
4296 6650 39 11 —.

4061 6671 79 26 Vette
4165 6667 105 33 Koeijen
4294 6669 52 26 Iste
4362 6669 77 30 kwal.
4456 6674 32 25 65
4505 6680 38 25 c.,
4560 6672 54 27 dito
4632 6669 48 27 2dc
4697 6666 77 27 kwal.
4792 6670 33 25 48
4843 6677 37 24 c.,
4896 6669 71 27 vette

4029 6704 126 28 Kalveren
4174 6706 31 24 45
4222 6710 14 18 a
4254 6704 32 24 68
4303 6709 35 25 c.j
4355 6705 71 26 vette
4443 6705 117 27 Varkens
4577 6706 32 26 55
4625 6711 17 17 a
4658 6704 31 24 62
4707 6709 35 26 c;
4759 6702 72 28 vette
4848 6703 117 37 Schapen

4032 6741 28 25 40
4077 6746 14 19 a
4109 6741 31 25 56
4159 6744 19 20 C.
4198 6745 27 24 pe
4230 6744 11 17 V
4260 6736 43 25 K<,'
