5067 6898
163 1283 58 45 Set
243 1293 285 38 BIJVOEGSEL
553 1298 87 33 bevat
665 1312 52 19 een
743 1302 195 39 Ing<zonden
956 1300 87 31 stuk:

122 1361 280 53 V°ORHAVEN
448 1376 92 34 VAN
580 1382 295 33 AMSTERDAM
913 1395 37 19 en
991 1394 54 21 een

119 1453 87 37 aa,ltal
229 1457 234 35 Advertentie».

198 235 87 65 i.
346 203 409 104 11873.

1150 123 627 201 Mwmt
1881 123 1220 201 %m\ttfawhê£
3214 123 692 196 €mwL

4348 214 180 102 A°.
4583 214 346 105 1870.

184 424 4641 477 ALGEMEEN
4825 424 2 477 HANDELSBLAD.

1910 1022 474 125 Zondag
2459 1016 86 102 2
2591 1016 536 102 Januari.

1821 1174 696 40 UITGEVERS-DIREKTEUREN:
2550 1169 307 37 (EBROEDERS
2887 1174 325 34 DIEDERICHS.

379 991 481 35 ABONNEMENTSPRIJS
885 996 125 31 VOOR
1033 997 24 32 3
1083 997 243 33 MAANDEN.

165 1035 70 40 Voor
255 1045 190 31 Amsterdam
574 1046 28 37 ƒ
625 1046 33 35 6,
667 1065 54 13 —.
770 1050 85 28 Voor
876 1050 37 28 de
934 1049 120 39 overige
1076 1048 132 40 plaatsen
1232 1051 51 31 des
1304 1051 104 40 rijks..
1415 1052 74 39 ƒ7.
1496 1070 40 5 —
1545 1076 7 7 .

163 1082 215 47 Afzonderlijke
390 1098 150 20 nummers
548 1113 6 6 .
568 1104 32 18 .„■
624 1095 96 30 0.08.
771 1096 206 39 Bestellingen
991 1107 34 18 en
1038 1106 169 28 aanvragen
1221 1101 116 35 franho
1350 1101 28 27 in
1391 1106 28 22 te
1434 1102 122 28 zenden.

163 1128 52 65 j*et
237 1135 142 34 kwartaal
403 1143 78 21 moet
503 1137 129 33 voldaan
656 1143 57 39 zijn
737 1144 132 39 uiterlijk
893 1154 39 27 op
953 1143 56 28 den
1032 1142 47 31 15'
1135 1154 58 19 van
1217 1147 35 27 do
1273 1147 20 30 Bde8
1294 1146 25 20 de
1343 1148 117 28 maand.

163 1173 45 40 **it
229 1187 70 30 blad
320 1181 158 39 verschijnt
501 1182 162 44 dagelijks,
686 1189 125 31 behalve
834 1201 38 28 op
894 1189 104 30 enkele
1018 1191 181 39 feestdagen.

3866 998 129 32 PRIJS
4018 1000 93 30 DER
4135 1002 374 32 ADVERTENTIES:

3483 1046 69 30 Van
3575 1056 63 20 een
3661 1052 45 25 tot
3728 1058 73 21 vijf
3823 1061 122 28 gewone
3969 1052 94 39 regels
4075 1054 27 38 f
4121 1052 89 32 1.25.
4256 1056 78 28 Elke
4357 1056 80 40 regel
4460 1068 80 20 meer
4760 1061 19 38 f
4779 1061 17 28 '
4795 1061 89 28 0.25.

3484 1094 183 41 Aanvragen
3690 1107 38 19 en
3749 1097 188 43 vermelding
3958 1109 59 20 van
4039 1100 183 41 lkfdegiftjn
4239 1102 117 31 worden
4380 1103 146 40 geplaatst
4545 1115 52 31 per
4616 1106 80 41 regel
4716 1107 17 28 k
4750 1108 35 28 i
4787 1108 15 28 5
4804 1111 85 25 cents.

3484 1141 163 32 Itüklames
3658 1143 37 30 of
3699 1146 234 40 aanbevelingen
3941 1148 145 39 (beneden
4100 1148 51 28 het
4159 1148 246 31 Binnenlandsch
4414 1152 138 39 Nieuws)
4565 1162 52 30 per
4628 1154 80 39 regel
4721 1162 18 20 a
4749 1154 41 28 50
4801 1160 87 22 cents.

3483 1189 112 30 Groote
3622 1191 100 32 letters
3746 1194 117 31 Worden
3894 1195 146 30 berekend
4068 1206 72 20 naar
4167 1195 50 31 het
4238 1196 97 30 aantal
4358 1208 117 27 rjeu-one
4496 1200 111 39 regels,
4630 1200 51 31 dat
4703 1200 35 39 zij
4761 1200 128 30 beslaan.

242 1619 163 57 Het
430 1617 202 67 jaar
678 1617 230 67 1869.

555 1726 35 27 n.

110 1814 45 22 I>t
223 1794 31 26 do
274 1795 96 33 *'.id'"£
385 1802 51 19 Tan
451 1794 47 26 'ie*
515 1794 138 30 uitbreken
669 1796 46 27 der
723 1795 325 31 Februari-omwonteling

118 1825 25 51 \,
170 1833 132 30 eagelsche
320 1833 144 33 parlement
484 1833 116 27 bereikte
613 1856 4 8 ,
635 1838 41 21 zat
697 1835 96 24 Robort
817 1834 63 25 Teel
912 1839 135 26 nagenoeg

109 1860 80 31 al'een
206 1878 14 17 0
222 1878 15 26 p
255 1880 12 18 z
272 1873 14 31 jj
289 1881 31 17 llo
339 1872 13 25 ij
356 1880 32 18 an
390 1872 24 31 k,
432 1872 15 25 j
450 1879 46 19 aar
515 1880 15 18 n
534 1873 14 31 jj
567 1880 13 18 z
582 1893 9 5 _
593 1880 31 17 cn
643 1872 51 26 fa_
715 1867 180 37 afgescheiden
914 1878 50 15 van
981 1870 64 28 zijne

207 1917 66 24 geen
287 1911 65 26 kans
369 1911 96 27 ziende,
484 1918 41 17 om
542 1911 65 24 liaar
626 1910 26 25 te
672 1907 100 28 winnen
781 1915 63 18 voor
861 1905 184 33 maatregelen,

118 1943 30 40 ,e
164 1939 34 38 bij
217 1956 14 19 0
234 1957 14 25 p
267 1950 45 25 dat
330 1946 137 34 oogenblik
488 1946 27 25 in
533 1945 103 27 'slam.ls
652 1944 96 37 belang
765 1945 143 27 oordeelde.
933 1944 113 27 Riehard

129 1981 79 28 oD(ien
226 1988 79 31 begaf
319 1987 56 24 zich
393 1988 41 22 tot
452 1985 67 30 hem,
537 1994 41 18 om
596 1985 46 27 het
659 1988 91 31 groote
761 1983 97 30 nieuws
867 1985 72 27 mede
948 1988 26 26 te
985 1987 50 27 tlee-

102 2022 51 30 lcn,
170 2022 45 27 dat
234 2024 69 27 allen
320 2024 52 26 had
391 2024 132 26 verbaasd.
550 2026 51 27 Pas
620 2026 106 34 weinige
746 2027 81 32 dagen
853 2027 106 34 geleden
985 2027 63 27 toch

103 2060 53 26 had
174 2069 47 19 een
236 2063 46 26 der
300 2065 139 32 pruisische
457 2065 130 27 ministers
605 2066 31 27 de
653 2066 177 34 heerschappij
849 2075 50 18 van
917 2067 132 33 Lodowijk

103 2098 100 37 Philips
220 2112 63 18 voor
300 2104 65 34 goed
383 2105 139 27 verzekerd
539 2106 126 34 genoemd
683 2115 31 18 en
735 2114 133 27 nagenoeg
886 2106 98 33 gansch
996 2107 35 26 Eu-

104 2145 63 25 ropa
185 2148 52 20 was
254 2151 52 19 van
321 2144 129 27 hetzelfde
469 2146 131 32 gevoelen.
626 2146 99 26 Zonder
743 2146 31 26 de
790 2146 94 26 minste
900 2146 132 26 verwonde-

104 2183 60 27 ring
181 2179 26 27 to
223 2181 129 28 betoonen
373 2184 70 27 zeide
465 2185 43 26 Sir
523 2185 116 26 Robert:
673 2184 110 27 »Guizot
802 2184 22 25 is
844 2185 189 32 ontegenzegge-

104 2213 47 34 lijk
170 2226 48 20 een
236 2224 77 32 groot
330 2224 152 31 staatsman,
500 2230 73 19 maar
588 2222 51 33 zijn
656 2222 44 27 val
720 2220 123 28 verbaast
860 2222 43 33 mij
920 2222 64 32 niét;
1002 2230 48 20 een

104 2254 47 28 «ler
168 2262 183 34 eenvoudigste
369 2263 105 33 regelen
491 2262 46 27 der
554 2259 170 34 regeerknnst
743 2261 72 27 heeft
831 2261 35 34 hij
879 2269 32 26 op
920 2261 115 28 schrome-

104 2291 61 33 lijke
181 2298 71 33 wtjze
269 2300 133 32 miskend;
420 2301 46 27 het
483 2298 21 26 is
514 2297 137 26 volkomen
659 2297 61 32 ijdel
730 2297 54 28 zich
794 2300 26 27 te
829 2300 135 27 verzetten
971 2301 79 32 tegen

105 2330 32 27 de
156 2335 119 32 pubUeke
293 2340 122 32 nieening
431 2343 77 21 eener
524 2335 79 30 natio,
622 2335 63 26 zelfs
711 2336 26 27 al
763 2337 85 26 wordt
872 2346 59 19 men
957 2337 77 27 onder-

104 2369 93 34 steund
214 2376 63 30 door
293 2378 32 27 de
340 2376 84 34 legale

137 2411 63 32 Wat
226 2426 59 20 men
309 2418 50 27 ook
385 2413 135 34 Napoleon
543 2413 43 26 111
604 2420 74 26 moge
697 2414 142 35 verwijten,
856 2424 60 20 men
937 2414 40 30 zal
993 2414 56 28 niet

105 2446 104 38 kunnen
233 2464 113 28 zeggen,
372 2453 45 26 dat
435 2452 34 33 hij
488 2451 21 26 is
529 2452 133 27 vervallen
678 2453 32 26 in
724 2454 31 26 de
771 2456 65 30 fout,
855 2454 41 26 die
913 2446 33 35 de'
961 2453 89 33 vorige

105 2493 135 37 regeering
256 2491 155 33 onmogelijk
430 2490 71 27 heeft
521 2491 129 33 gemaakt.
677 2492 43 34 Hij
742 2502 61 19 was.
820 2502 31 18 en
868 2493 22 26 is
900 2500 59 26 nog,
967 2491 27 27 in
1004 2491 46 28 het

105 2524 69 33 bezit
190 2533 45 28 der
252 2530 107 33 wettige
374 2526 177 30 meerderheid
568 2537 32 20 en
619 2530 76 28 wilde
712 2531 37 34 hij
768 2526 97 37 bifcen
880 2530 130 28 handelen
1023 2531 27 25 in

105 2565 73 37 ■trijd
195 2574 53 26 met
257 2571 30 25 de
305 2567 135 26 wenschen
450 2567 46 27 der
513 2569 79 31 natie,
611 2570 64 33 zijne
687 2571 132 32 getrouwe
828 2570 90 27 «kamer
934 2577 47 19 zou
990 2569 60 27 hem

106 2609 172 35 ongetwijfeld
295 2606 102 32 volgen.
422 2606 74 26 Maar
515 2607 56 26 niet
587 2609 39 26 als
646 2617 60 21 eejie
724 2603 79 38 zijner
821 2607 131 34 geringste
971 2608 64 33 deug-

106 2640 50 32 den
172 2650 70 26 moet
260 2643 104 30 worden
383 2643 104 31 erkend,
504 2644 46 26 dat
567 2647 46 33 hij,
631 2648 71 32 bijna
718 2648 77 32 altijd
810 2655 31 19 en
861 2648 48 26 ook
926 2648 85 28 thans,
1023 2648 26 24 to

106 2685 100 31 rechter
223 2687 48 33 tijd
288 2685 31 24 de
337 2682 130 27 middelen
476 2683 72 26 heeft
556 2687 165 32 aangewend,
741 2687 39 25 die
790 2687 50 32 zijn
850 2687 128 32 stichting
985 2686 52 27 kofi-

105 2718 48 30 den
170 2714 130 39 behoeden
319 2726 63 20 voor
398 2719 50 27 den
457 2721 51 25 val.
535 2721 38 28 En
593 2726 115 26 wellicht
722 2726 38 26 zal
770 2725 117 27 eenmaal
895 2725 31 26 de
935 2724 100 34 geschie-

105 2757 71 32 denis
193 2773 50 19 van
261 2761 77 26 dezen
356 2759 185 32 wereldwijzen
560 2763 85 27 keizer
663 2765 83 25 weten
755 2765 25 25 te
798 2764 135 35 getuigen,
951 2764 45 25 dat
1005 2764 44 32 hij,

105 2793 46 31 bet
176 2804 59 28 fiere
261 2796 117 32 fransche
406 2798 81 32 paard
515 2798 161 31 breidelende
696 2804 51 24 met
765 2802 132 33 machtige
914 2802 86 31 hand,
1018 2802 31 26 de

112 2843 79 26 eerste
209 2844 21 25 is
247 2837 111 37 geweest
376 2836 39 24 die
432 2837 45 24 liet
496 2837 138 32 z_ht__
652 2843 59 24 wist
739 2843 25 25 te
783 2841 84 27 leiden
886 2848 32 27 op
927 2842 48 25 den
986 2850 63 22 weg.

111 2874 40 27 die
170 2889 6 15 i
177 2889 54 20 )aar
249 2874 142 38 geordende
411 2874 109 33 vrijheid
537 2882 81 22 voert.

139 2914 81 34 Naast
247 2923 31 20 en
304 2911 113 26 wellicht
441 2911 83 27 boven
541 2915 59 28 hem
618 2920 40 26 zal
674 2920 50 26 dan
743 2919 31 26 de
791 2927 76 18 naam
885 2919 105 26 worden
1005 2927 31 26 ge-

105 2960 91 26 noemd
215 2963 46 22 van
282 2961 45 15 een
346 2961 66 21 man,
430 2952 40 26 die
489 2961 50 17 aan
556 2954 31 25 de
605 2956 122 26 bitterste
741 2957 227 32 veroordeelingen
978 2959 71 22 heeft

106 2993 188 39 blootgestaan,
313 3000 72 19 maar
403 2993 67 26 noch
487 2992 61 26 door
567 2993 47 27 den
633 2998 89 25 smaad
738 2996 79 31 zijner
831 3004 120 25 vroegere
966 2995 70 26 vrien-

104 3033 48 30 den
163 3058 6 11 ,
195 3033 65 28 noch
286 3030 61 30 door
367 3033 50 26 den
435 3031 79 34 bijval
531 3038 50 18 van
600 3033 72 32 ben,.
685 3035 52 25 die.
744 3034 117 26 eenmaal
880 3035 64 32 zijne
963 3037 86 30 ergste

104 3073 118 31 vijanden
248 3070 100 28 konden
376 3071 104 26 wonlen
508 3072 139 31 genoemd,
665 3074 57 25 zich
741 3073 47 26 liet
806 3073 120 31 bewegen
938 3093 4 5 .
960 3081 41 17 om
1018 3072 31 26 de

104 3106 61 30 taak
193 3115 26 25 te
236 3111 131 26 verlaten,
386 3115 119 19 waaraan
523 3107 35 32 hij
574 3109 76 32 jaren
665 3111 64 31 lang
745 3112 64 31 zijne
835 3111 70 26 beste
922 3111 126 26 krachten

104 3139 72 33 heeft
203 3150 107 34 gewijd;
339 3146 30 22 de
389 3143 112 33 poging,
520 3155 39 17 om
578 3148 45 24 het
639 3149 136 28 keizerrijk
790 3149 26 22 te
835 3148 92 24 huwen
948 3146 46 25 mei
1017 3148 31 24 de

104 3181 117 33 vrijheid.
239 3187 44 26 Zal
300 3184 44 21 «He
361 3180 187 26 bezwaarvolle
563 3184 63 22 taak
644 3183 59 22 hem
719 3183 131 27 gelukken
861 3183 13 22 't
892 3182 52 26 Het
954 3190 93 22 aange-

104 3221 100 33 Vattgeu
222 3227 56 27 jaar
293 3220 50 22 kan
361 3222 32 24 op
411 3214 40 24 die
470 3222 80 21 vraag
567 3215 46 24 het
626 3217 133 24 antwoord
769 3224 87 22 geven.
876 3217 86 24 Thans
972 3219 74 24 staau

104 3254 40 33 wij
171 3268 33 19 BO
206 3270 17 22 g
241 3268 14 24 j,
257 3267 12 15 a
274 3265 11 17 s
301 3261 50 18 aan
367 3252 46 25 het
430 3250 79 37 begin
528 3252 74 28 dezer
620 3250 85 37 proef,
724 3261 72 19 maar
814 3254 48 26 ook
879 3260 119 22 Wanneer
1016 3256 30 33 zij

105 3289 58 33 hem
189 3293 107 30 mislukt
314 3291 40 25 zal
372 3291 31 26 de
420 3300 77 19 naam
515 3301 50 18 van
582 3294 83 26 Emile
685 3293 106 30 Ollivier
809 3294 54 26 niet
880 3295 93 27 zonder
991 3306 56 18 eere

103 3335 104 25 worden
234 3330 125 35 genoemd
394 3333 79 27 onder
503 3334 131 35 degenen,
652 3337 41 27 die
711 3346 61 19 eene
789 3337 139 35 dergelijke
946 3346 87 19 verzoe-

102 3369 65 34 ning
191 3369 141 32 waagden,
350 3378 72 20 maar
439 3373 57 28 niet
514 3376 102 27 konden
633 3378 105 33 slagen,
757 3378 87 26 omdat
862 3378 31 27 de
912 3378 122 34 gebeurte-

102 3407 84 27 nissen
204 3407 71 28 reeds
296 3410 25 28 te
343 3419 43 20 ver
404 3412 26 28 in
449 3424 60 18 eene
528 3417 92 26 andere
639 3417 115 35 richting
767 3428 86 18 waren
862 3420 184 33 voortgegaan,

100 3456 43 19 om
161 3448 54 28 zich
234 3450 83 28 weder
333 3454 26 26 in
377 3455 45 26 het
437 3456 91 26 rechte
544 3464 76 25 spoor
638 3459 77 31 terug
732 3461 26 22 te
769 3458 71 25 laten
850 3459 116 33 dringen.
986 3456 60 30 Wat

102 3489 109 28 Ollivier
227 3500 34 19 nu
280 3491 98 37 begint,
397 3494 163 34 beproefden,
576 3501 63 21 voor
657 3497 58 25 hem
733 3496 150 33 Mirabeau.,
902 3496 144 37 Lafayette»

102 3524 135 37 Benjamin
266 3534 135 26 Constant.
436 3535 38 25 En
503 3543 74 22 moge
607 3536 33 30 hij
671 3550 30 4 —
730 3537 111 28 hetgeen
869 3544 52 22 nog
950 3537 97 31 blijken

103 3566 69 25 moet
198 3582 31 6 —
259 3569 27 25 in
317 3570 193 30 bekwaamh*_
541 3580 28 20 en
985 3568 46 34 *£h-

102 3596 131 40 terstaan,
257 3609 27 26 in
313 3612 93 24 andere
433 3611 133 30 opzichten
585 3611 70 20 heeft
676 3607 32 30 liij
732 3606 51 26 veel
806 3606 81 26 boven
906 3605 48 26 hen
974 3612 58 18 voor-

104 3637 47 26 uit.
194 3641 133 33 Mirabeau
365 3644 139 28 struikelde
541 3650 61 19 over
627 3644 65 33 zijne
719 3643 90 34 eigene
837 3638 144 35 zelfzucht;
1010 3641 38 26 La

104 3673 109 33 Fayette
247 3685 61 27 door
340 3686 65 31 zijne
435 3684 119 32 ijdelheid
565 3693 7 18 -,
600 3683 135 33 Benjamin
765 3683 128 25 Constant
918 3681 51 25 had
998 3680 51 26 den

105 3711 60 33 loop
183 3716 44 28 der
243 3724 210 32 gebeurtenissen
470 3724 77 30 tegen
565 3720 64 26 zich.
658 3720 66 27 Voor
743 3722 110 27 Ollivier
872 3722 177 33 daarentegen

105 3756 74 22 Boaan
196 3756 30 30 de
243 3762 97 27 kansen
359 3763 105 33 gunstig
482 3767 31 19 en
530 3758 31 26 de
580 3761 129 32 gebreken
736 3769 48 19 van
809 3761 135 28 Mirabeau
963 3769 31 18 en
1011 3761 39 26 La

144 3795 70 27 yette
231 3802 103 25 worden
352 3802 61 26 zelfs
432 3802 64 22 door
513 3798 64 31 zijne
587 3801 117 31 vijanden
716 3802 59 24 hem
784 3802 54 24 niet
850 3802 135 24 verweten.

112 3902 6 6 .
141 3868 37 27 De
195 3873 104 32 besliste
326 3879 120 37 wending
471 3876 26 25 in
522 3876 139 33 Frankrijk
686 3879 159 33 dagteckent
862 3879 73 26 reeds
951 3887 50 15 van
1020 3876 30 27 de

106 3912 103 30 .longste
228 3919 181 33 verkiezingen
429 3915 69 31 (Mei,
516 3912 81 34 Juni).
627 3918 32 25 In
678 3919 31 25 de
728 3914 195 38 samenstelling
940 3927 50 15 van
1005 3918 46 25 het

112 3946 154 44 Wetgevend
282 3958 123 25 Lichaam
424 3954 124 26 brachten
568 3954 39 26 die
628 3960 78 28 gettoe
728 3967 56 15 zeer
794 3957 159 33 belangrijke
964 3964 87 17 verim.

109 3987 87 37 QerUlg
214 3993 26 26 te
261 4003 86 25 weeg,
374 4000 71 19 maai'
464 3990 54 26 veel
540 3991 100 28 IteAeï
659 3994 51 26 dan
728 3997 54 25 ooit
798 3997 25 26 te
842 4004 78 18 voren
939 4003 51 17 was
1006 3994 46 25 het

115 4024 70 28 getal
202 4031 44 27 der
262 4033 115 32 kiezers,
394 4032 40 25 die
452 4025 583 50 nietbpregeringsgezindekandidate__bd-

178 4072 122 31 gestemd,
320 4067 32 32 én
369 4077 63 20 voor
439 4068 120 26 niemand
568 4070 50 26 kon
628 4074 144 32 verborgen
783 4075 102 32 blijven,
899 4074 45 25 dat
957 4071 80 26 Frank-

109 4098 63 34 -I'ik,
189 4108 38 27 als
250 4111 91 33 geheel
366 4107 169 31 beschouwd,
563 4108 31 27 de
614 4120 57 24 pii's
681 4114 102 32 i.mlijka
803 4111 137 35 regeerihg
959 4110 89 26 moede

109 4143 52 20 was
177 4152 31 19 en
223 4163 32 5 —
273 4150 78 32 gelijk
369 4155 57 19 men
444 4146 45 26 het
507 4146 26 24 in
550 4146 39 27 die
609 4150 84 32 dagen
711 4153 141 24 uitdrukte
872 4166 28 2 —
920 4150 45 25 liet
983 4149 71 25 saldo

109 4182 111 37 opvroeg
236 4189 78 33 zijner
333 4183 117 34 vrijheid.

196 4222 84 28 keizer
295 4226 76 24 bleek
387 4225 54 24 niet
459 4230 149 26 ongenegen
626 4228 26 25 te
671 4228 57 32 zijn,
746 4230 26 25 in
791 4228 40 25 die
852 4228 115 31 richting
979 4228 71 22 mede

111 4260 26 39 *_>
155 4263 78 32 gaan-,
249 4265 105 26 althans
372 4261 102 26 werden
493 4253 34 40 bij
547 4261 31 26 de
594 4266 113 34 opening
725 4267 45 26 der
789 4267 96 33 zitting
896 4266 89 34 eenige
994 4265 48 31 vrij-

110 4297 99 33 zinnige
230 4303 116 26 beloften
364 4300 126 32 afgelegd.
517 4299 63 27 Niet
596 4306 235 33 onwaarschijnlijk
852 4306 89 25 echter
959 4304 98 26 zouden

111 4330 40 27 die
168 4335 48 31 den
234 4349 57 26 weg
307 4346 100 27 gegaan
424 4339 50 32 zijn
495 4345 48 18 van
561 4346 122 30 vroegere
703 4354 64 19 even
784 4345 71 26 vette
874 4343 128 32 woorden,
1016 4344 39 24 die

156 4378 86 32 eenige
260 4387 102 25 magere
379 4378 48 24 «lad
439 4387 22 14 ai
481 4377 100 27 werden
600 4384 124 32 opgelost,
745 4393 118 17 wanneer
885 4384 56 26 niet
959 4384 26 24 in
1006 4384 50 25 den

229 4417 89 26 zelven
333 4423 50 17 van
399 4415 45 26 het
464 4413 159 37 Wetgevend
644 4421 122 28 Lichaam
785 4422 57 24 zich
863 4417 30 28 de
918 4422 139 32 duidelijke

111 4449 124 33 teekenen
259 4456 102 26 hadden
380 4454 194 33 geopenbaard,
594 4459 46 26 dat
659 4461 28 27 de
707 4462 70 24 staat
798 4469 50 17 van
868 4461 78 26 zaken
967 4462 91 32 geheel

111 4493 53 19 was
183 4494 141 26 veranderd
341 4501 31 15 en
391 4493 28 22 d-
439 4493 135 35 regeeïing
592 4506 47 17 zou
658 4500 103 27 moeten
780 4498 136 33 handelen,
937 4501 74 25 wilde
1029 4502 28 30 zij

111 4527 53 25 met
172 4528 61 30 hare
244 4532 113 26 beloften
374 4531 63 26 door
448 4532 100 28 telkens
559 4535 110 34 hoogere
681 4539 102 28 eisahen
796 4539 54 26 zien
868 4539 182 34 overvleugeld

145 4564 77 30 Eerst
237 4570 84 25 kwam
341 4567 31 25 de
390 4569 176 33 interpellatie
585 4583 48 18 van
653 4577 48 25 den
712 4578 156 32 tiers-parti,
882 4578 176 30 onmidilollijk

116 4602 191 31 onderteekend
324 4606 63 26 door
404 4611 33 22 80
454 4609 81 31 leden,
555 4613 39 25 die
613 4615 28 25 de
660 4617 136 32 regeering
814 4618 146 25 wenschten
979 4618 26 25 te
1015 4624 44 19 on.

116 4641 148 31 derhouden
289 4652 60 18 over
370 4645 44 27 »de
433 4650 252 35 noodzakelijkheid,
704 4662 41 20 om
762 4657 156 31 voldoening
934 4658 25 25 to
979 4664 79 22 geven

113 4687 51 19 aan
189 4682 30 26 de
237 4685 135 26 wenschen
390 4685 45 26 der
451 4690 86 28 natie,
556 4691 64 27 door
638 4695 64 26 haar
722 4691 172 39 belangrijker
913 4704 31 19 eu
966 4694 93 30 ruimer

115 4720 107 27 aandeel
240 4723 26 25 te
283 4730 81 25 geven
383 4724 27 26 in
429 4727 45 26 het
493 4729 84 27 beleid
594 4734 77 25 hnivr

148 4757 56 27 Hoe
229 4763 103 26 zoovele
359 4763 73 28 leden
457 4767 45 27 der
530 4778 110 26 vroeger
670 4782 45 18 zoo
732 4775 123 26 leidzame
874 4775 93 25 Kamer
984 4772 77 25 thans

116 4799 133 34 eensklaps
268 4802 58 25 zulk
345 4811 60 18 eene
424 4805 137 35 krachtige
573 4809 117 34 houding
698 4813 102 26 konden
810 4821 141 18 aannemen
960 4808 100 27 hebben

117 4843 40 24 wij
176 4844 51 26 nog
248 4839 144 35 kortelings
411 4843 188 37 herhaaldelijk
617 4850 137 26 verklaard
772 4859 31 18 en
822 4853 39 30 wij
874 4851 130 25 behoeven
1015 4846 47 24 dus

116 4873 79 27 thans
213 4878 58 27 niet
287 4879 97 35 daarop
404 4883 131 34 uitvoerig
544 4885 77 35 terug
631 4889 27 25 te
669 4890 98 26 komen.
790 4892 35 24 De
836 4890 90 32 groote
935 4883 111 31 meerder-

119 4913 60 25 heid
200 4923 51 20 was
268 4919 161 33 behoudend,
450 4932 45 17 zoo
514 4924 61 34 lang
588 4928 30 25 de
628 4928 86 27 keizer
724 4929 154 26 behoudend
888 4935 58 18 was.
964 4922 98 27 Zoodra

119 4952 84 31 hleek,
221 4957 45 27 dat
279 4959 30 26 de
318 4958 86 28 keizer
412 4963 52 26 zelf
471 4964 51 32 zijn
530 4972 109 26 vroeger
648 4968 89 26 stelsel
752 4969 64 32 ging
824 4967 124 26 verlaten,
960 4963 45 24 dat
1015 4959 48 26 ook

119 4990 38 32 hrj
181 4991 47 30 dus
250 4998 28 26 in
300 5001 131 27 meerdere
449 5003 27 25 of
490 5003 116 28 mindere
626 5009 70 24 mate
715 5007 90 26 deelde
822 5007 27 25 in
869 5004 45 26 het
933 5000 130 35 gevoelen,

183 5030 102 34 behoud
301 5039 45 28 der
364 5040 60 27 orde
443 5042 172 30 bestaanbaar
633 5054 52 17 was
693 5037 59 33 'met
764 5044 130 27 meerdere
904 5039 116 35 vrijheid,
1031 5047 32 17 en

122 5069 61 26 zelfs
203 5074 11 32 j
219 5082 15 18 u
235 5076 8 25 i
247 5085 11 17 s
259 5078 11 25 t
294 5076 46 31 het
366 5080 137 27 verluenen
521 5089 48 19 van
587 5086 119 28 grootere
730 5083 107 33 vrijheid
856 5082 78 26 thans
953 5087 48 19 aan
1019 5078 46 31 hef

124 5108 98 31 behoud
240 5115 45 27 dor
300 5119 60 26 orde
379 5125 57 17 zeer
450 5119 174 34 bevorderlijk
640 5125 83 24 moest
738 5122 104 27 worden
860 5120 102 33 geacht,
972 5133 31 2 —
1013 5124 53 18 was

124 5153 26 18 er
165 5156 63 22 voor
244 5154 30 27 de
285 5159 94 24 meeste
390 5154 74 26 leden
477 5165 51 17 van
537 5159 45 24 het
596 5160 159 28 Wetgevend
769 5160 120 25 Lichaam
900 5166 79 24 geene
987 5156 78 25 reden

124 5190 76 31 meer,
217 5199 41 20 om
275 5194 54 27 hun
346 5199 110 26 vroeger
474 5193 146 33 standpunt
638 5197 26 22 te
685 5196 154 24 handhaven
849 5204 31 15 en
892 5196 48 24 kon
952 5194 45 24 het
1005 5193 61 24 zelfs

125 5225 54 32 wijs
196 5232 104 27 worden
315 5231 133 35 genoemd,
465 5232 89 26 indien
570 5232 43 33 zij,
632 5232 39 26 dit
689 5232 158 30 verlatende,
857 5232 50 24 den
917 5231 86 24 keizer
1011 5230 43 22 hal-

133 5270 129 33 verweegs
278 5272 28 26 te
325 5271 104 33 gt-moet
444 5271 125 27 kwamen.

158 5303 39 34 Op
214 5308 32 27 de
263 5309 176 34 interpellatie
457 5319 50 19 van
526 5313 45 28 het
591 5313 84 27 linker
692 5311 116 26 centrum
835 5308 111 35 volgden
964 5307 30 26 de
1005 5304 51 34 vrij-

133 5343 102 34 zinnige
253 5349 115 27 beloften
384 5357 50 19 van
450 5349 112 34 Rouher,
581 5355 40 26 die
639 5361 105 20 namens
761 5350 48 28 den
827 5350 85 27 keizer
928 5356 69 20 meer
1013 5348 43 25 toe-

125 5381 87 54 legde,
231 5387 50 28 dan
299 5398 58 18 men
373 5389 52 26 had
443 5395 138 30 gevraagd.
600 5395 46 26 Als
665 5392 178 35 noodzakelijk
853 5391 93 34 gevolg
957 5389 113 26 daarvan

128 5418 84 32 kwam
229 5425 45 28 het
292 5428 105 33 ontslag
415 5437 50 18 van
480 5428 46 26 het
546 5434 143 27 ministerie
707 5443 31 19 en
757 5435 30 24 de
808 5433 137 32 optreuing
961 5437 50 18 van
1024 5435 45 18 een

129 5459 141 33 ministerie
285 5467 32 26 ad
333 5466 104 26 interim
454 5474 31 15 en
503 5469 120 35 eindelijk
641 5476 45 25 het
705 5471 229 30 senatus-konsult.
969 5467 102 26 Minder

130 5498 177 38 noodzakelijk
333 5506 92 22 scheen
451 5504 30 22 «!,■
501 5510 142 37 verdaging
660 5516 45 25 der
724 5513 126 32 zittingen
870 5519 48 15 van
935 5507 45 27 het
1000 5505 53 25 Wet-

130 5539 99 25 gevend
257 5542 141 31 Lichaam,
424 5549 71 17 waar
513 5552 57 20 men
580 5538 60 45 'nog
657 5554 54 25 niet
729 5559 59 19 eens
804 5552 45 25 het
867 5545 139 30 onderzoek
1026 5543 45 25 der

130 5574 203 31 geloofsbrieven
359 5578 52 26 had
438 5578 45 25 ten
502 5581 71 31 etude
594 5591 126 28 gebracht
757 5591 46 26 Die
822 5588 142 32 verdaging
979 5580 92 28 bracht

131 5619 113 47 „W?r
247 5623 18 15 U
289 5624 31 24 °P
346 5617 46 26 hüt
418 5623 70 43 f™
490 5610 94 45 03*»,
612 5629 44 27 dat
684 5640 45 15 e.n
757 5629 74 32 angel
853 5627 78 26 onder
950 5623 46 25 het
1012 5627 60 26 gras

131 5649 115 25 schuilde
263 5659 32 20 e„
312 5662 107 24 eemgen
436 5654 48 31 tijd
501 5657 61 28 zelfs
580 5672 11 17 S
594 5667 59 24 ch„.
656 5678 17 17 n
692 5670 17 25 h
711 5670 33 27 et,
764 5669 45 25 dat
828 5668 28 24 de
876 5662 125 27 daardoor
1018 5663 54 19 ver-

133 5683 85 27 Wekte
242 5691 91 25 onrust
367 5699 90 20 eemere
483 5689 171 45 heethoofden
676 5706 169 28 «vl..,e,„heid
869 5709 80 26 geven
969 5706 46 19 zou
1032 5702 40 19 om

132 5722 85 27 weder
242 5733 85 18 omver
359 5728 26 26 te
404 5735 109 25 werp,,,,
536 5735 46 28 het
638 5714 9 20 <
674 5712 44 30 &
733 5712 104 60 gjj»
868 5712 79 63 *^
965 5744 52 18 waS
1032 5735 41 22 tot

135 5763 77 30 stand
229 5765 136 33 getaacht.
391 5767 92 24 Dwaze
502 5771 25 30 pl
530 5781 14 18 a
547 5783 24 19 ,„
574 5787 14 15 u
591 5789 4 6 ,
598 5789 15 18 n
859 5783 12 24 t
887 5786 64 20 Mar
969 5776 30 25 de
1018 5780 41 18 vet-

136 5800 137 30 gaderzaal
300 5804 92 24 zoodra
411 5804 30 22 de
459 5809 87 28 wettel
550 5813 47 32 ijke
736 5805 52 44 ,,.'s
797 5822 71 26 dlol.
868 5828 4 5 s
874 5819 28 25 il,
904 5824 27 25 g
947 5822 51 17 was
1018 5819 43 15 ver-

136 5838 112 34 streken,
267 5842 104 27 hielden
391 5841 28 27 de
437 5841 131 38 bewoners
587 5865 51 20 Van
654 5862 84 28 Pariis
755 5861 81 32 bezig,
854 5857 40 28 tot
912 5852 89 35 groote
1018 5857 43 17 ver-

137 5876 94 35 bazing
257 5888 48 17 van
332 5882 30 22 de
387 5887 162 31 provincie,,,
576 5895 41 26 (üo
645 5890 2 4 ■
947 5884 51 33 aak
1016 5887 59 27 -zulk

137 5923 61 18 eene
226 5915 73 32 ..del-
325 5917 154 33 vertooning
497 5924 40 26 vol
540 5930 83 31 stlvkt
643 5940 35 24 nil
679 5949 5 7 .
686 5942 12 21 t
704 5911 39 17 ™
759 5947 64 19 „„„
857 5943 14 17 n
891 5930 69 27 luide
976 5934 99 27 genoeg

143 5953 86 25 hunne
247 5954 65 24 stem
328 5954 154 32 verhieven,
509 5969 39 21 otn
565 5970 26 25 fe
609 5943 64 59 J£
696 5943 136 60 '£**£
849 5967 136 33 Frankrijk
1000 5967 27 24 in
1044 5965 31 26 de

118 6012 4 2 ■
142 5991 94 28 laatste
249 6000 77 28 jaren
343 6002 61 20 eene
423 5994 118 41 bela-.,gri.
541 6005 38 31 lke
598 6020 14 17 v
614 6022 32 19 ,,,
651 6017 41 25 ;jlJ
696 6026 11 14 „
711 6018 58 31 rins
789 6012 50 30 had
856 6008 154 31 ondergaan,
1029 6004 46 26 ook

144 6041 27 26 in
196 6034 39 27 dit
261 6035 117 34 opzicht,
403 6035 46 26 dat
474 6043 56 21 men
554 6044 8 25 i
565 6054 17 18 n
598 6052 15 24 (1
615 6063 12 14 „
694 6054 72 26 vilicil
771 6064 5 6 .
795 6048 124 27 volstrekt
937 6045 25 24 ni
979 6045 11 22 t
1009 6051 66 18 meer

144 6084 169 22 voornemens
330 6086 60 21 was,
405 6076 157 32 bhndelm-,
580 6087 41 27 all(
626 6103 2 5 .
644 6093 14 25 !(
664 6104 2 5 .
670 6103 22 17 ss
696 6104 11 13 ,,
710 6093 64 26 inlit
783 6087 81 30 Parijs
875 6087 25 21 te
909 6083 104 31 volgen.

176 6119 131 33 Gelukkig
322 6118 91 26 bleken
432 6113 47 26 ook
497 6113 30 26 ,1e
547 6119 174 39 Parijzcnaars
738 6123 177 33 verstandiger
933 6120 26 26 te
974 6120 50 32 zijn
1033 6130 28 25 ge-

144 6162 119 30 worden,
291 6158 50 27 dan
361 6158 26 25 in
407 6159 119 25 vroegere
546 6159 81 34 dag,.,,
646 6178 30 15 „
693 6176 27 19 ïe
720 6167 34 27 |fj,
772 6161 107 31 «jcssÉ—
881 6164 30 21 t*
927 6167 65 18 skül
1004 6162 59 25 o,'as-

148 6203 63 30 l>ail)
235 6203 91 25 restait
350 6200 57 24 ehez
431 6195 35 24 lui
491 6198 31 26 op
540 6196 47 31 den
602 6213 63 20 voor
681 6208 31 25 de
731 6198 182 32 demonstratie
931 6197 144 32 bestemden

144 6236 58 31 dag,
220 6239 96 27 ziende,
333 6237 45 22 dat
397 6233 43 31 hij,
457 6227 64 30 door
535 6239 92 31 anders
644 6247 25 22 te
686 6241 135 28 handelen,
839 6236 56 26 zich
912 6237 54 24 niet
976 6237 48 27 dau
1035 6240 27 27 be-

144 6273 123 34 lachelijk
285 6283 46 17 zou
348 6272 99 27 hebben
467 6273 128 34 gebuikt.

181 6311 136 26 Inmiddels
345 6320 51 15 was
422 6308 44 26 het
490 6317 12 15 s
511 6317 216 32 niatus-konsult.,
754 6315 45 24 dat
826 6313 30 25 de
873 6313 119 28 fransche
1010 6322 65 27 natie

142 6354 46 20 een
204 6350 90 25 aantal
312 6348 97 25 nieuwe
429 6345 72 26 recht
519 6358 13 18 
554 6359 139 27 verleende,
707 6352 178 35 goedgekeurd
904 6361 31 19 en
953 6359 107 33 afgekon-

143 6385 63 33 digd
229 6393 32 15 en
287 6385 52 24 had
356 6383 76 26 Prins
449 6383 130 39 Napoléon
599 6398 28 26 de
650 6391 135 30 verbaasde
803 6393 136 27 senatoren
957 6403 118 28 geërgwd

145 6426 61 31 Joor
223 6428 61 20 eene
302 6419 66 32 rede,
387 6426 110 24 waaruit,
517 6426 80 39 bleek,
615 6435 44 25 dat
678 6431 33 31 hij
731 6429 107 25 ditmaal
855 6432 54 26 met
921 6435 48 34 zijn
979 6439 7 26 i
990 6448 34 20 UT
1024 6442 8 27 l
1036 6445 39 27 oed

146 6481 32 26 op
203 6465 47 28 den
268 6461 85 26 keizer
371 6464 151 34 gelukkiger
542 6478 7 17 ,
549 6480 13 17 v
566 6483 9 8 .,
581 6482 11 15 s
609 6470 109 34 geweest
737 6467 47 25 dan
801 6470 117 34 veeltijds
935 6478 106 35 vroeger

180 6510 102 34 Blijken
307 6503 50 25 kon
374 6502 146 28 behoorden
541 6511 38 30 wij
596 6513 27 24 te
641 6507 142 31 schrijven,
800 6500 148 45 Want'toen
966 6521 39 27 die
1024 6524 51 26 rede

150 6554 71 28 werd
243 6540 181 43 uitgesproken
446 6542 136 34 verkeerde
600 6555 74 20 men,
694 6546 113 30 omtrent
824 6550 31 30 de
873 6563 67 22 ware
959 6560 107 30 betoeke

148 6594 41 27 nis
215 6592 45 28 der
282 6581 145 37 keizerlijke
455 6582 169 31 bedoelingen
653 6592 52 24 nog
729 6586 26 26 in
782 6588 44 30 het
843 6599 123 28 onzekere
985 6602 34 26 e*
1031 6602 44 28 ken

148 6634 48 26 het
211 6626 181 39 twijfelachtig
411 6622 113 32 schijnen
535 6641 6 11 ,
560 6622 28 25 of
600 6622 56 26 niet
672 6622 32 28 de
719 6627 72 34 prins
809 6635 56 26 veel
881 6639 91 28 verder
981 6648 51 19 was
1043 6648 32 18 <*e.

146 6677 76 24 gaan,
242 6670 52 28 dan
312 6673 31 26 de
361 6665 83 31 keizer'
461 6661 48 26 zeil
528 6661 163 34 vvenschelijk
710 6667 96 30 achtte.
823 6674 35 27 To
869 6684 69 21 meer
947 6678 128 28 verkeerde

149 6712 58 24 »«o
231 6705 28 30 in
285 6703 183 37 onaekafheiJ«
487 6700 87 28 omda«
591 6700 46 28 he*
659 6703 142 38 immsWii»
822 6711 73 31 bleef
908 6725 31 18 en
958 6724 59 21 men
1036 6722 39 20 van

1085 1292 47 33 *en
1149 1309 60 20 man
1228 1303 38 27 als
1285 1304 31 26 de
1332 1303 116 27 Foroade
1465 1304 27 26 la
1509 1304 146 33 Roquetto,
1675 1302 40 26 die
1733 1300 31 26 de
1779 1300 106 33 jongsto
1894 1302 126 28 verkiezin-

1087 1343 51 28 gen
1162 1339 52 27 had
1243 1342 86 33 geleid
1346 1350 32 19 en
1396 1343 53 26 met
1467 1343 32 26 de
1515 1341 177 28 meerderheid
1710 1339 46 26 der
1774 1341 103 30 Kamer,
1894 1341 63 26 zelfs
1974 1343 60 26 hare

1085 1377 123 28 Slechtste
1226 1381 159 26 uitkomsten
1402 1382 100 33 poogde
1525 1383 26 25 te
1567 1380 164 30 handhaven,
1748 1378 57 26 niet
1821 1380 57 26 veel
1892 1381 80 32 goeds
1981 1389 40 18 ver-

1087 1417 119 27 wachten
1226 1419 70 32 kon,
1315 1421 53 26 wat
1383 1419 99 30 betreft
1501 1420 145 33 ruiterlijke
1663 1417 150 34 toepassing
1827 1417 45 28 der
1889 1419 145 34 keizerlijke

1085 1454 124 28 beloften.
1235 1457 63 33 Nog
1322 1460 106 31 grooter
1450 1460 70 26 werd
1539 1460 30 25 de
1587 1466 89 21 vrees,
1694 1457 61 26 toen
1773 1465 59 18 men
1850 1466 122 21 vernam,
1990 1457 44 25 dat

1089 1494 98 28 Olivier
1213 1505 52 18 was
1284 1498 188 33 overgeloopen
1488 1499 44 26 tot
1550 1498 31 26 do
1597 1494 180 30 meerderheid
1793 1505 33 18 en
1841 1505 60 19 men
1918 1496 48 26 dus
1983 1495 50 26 ook

1091 1543 32 25 op
1141 1534 60 27 hem
1218 1537 54 25 niet
1290 1545 71 17 meer
1377 1537 52 26 kon
1439 1539 171 25 vertrouwen.

1119 1574 53 26 Ons
1196 1574 146 33 grondende
1370 1584 32 25 op
1422 1577 111 33 hetgeen
1552 1577 33 25 én
1606 1574 40 26 uit
1665 1574 19 25 's
1693 1581 72 19 mans
1780 1574 149 34 levensloop
1948 1574 31 25 èn
1996 1574 39 24 uit

1085 1611 65 32 zijne
1168 1612 159 32 geschriften
1352 1605 150 41 aangaande
1521 1613 50 32 zijn
1598 1613 124 25 karakter
1739 1620 31 17 en
1788 1613 65 31 zijne
1871 1611 164 32 overtuiging

1085 1657 53 18 was
1154 1650 142 33 gebleken,
1322 1651 100 26 hebben
1452 1652 37 32 wij
1515 1651 123 32 indertijd
1665 1651 40 25 dit
1730 1651 133 32 algemeen
1890 1649 145 33 verspreide

1085 1689 123 33 gevoelen
1227 1689 178 33 onmiddellijk
1430 1689 138 26 bestreden
1594 1697 31 18 en
1649 1689 139 32 onzerzijds
1807 1689 30 25 de
1856 1689 107 30 stelling
1980 1694 43 19 ver-

1085 1728 93 30 «ledig.l
1188 1736 30 15 en
1226 1729 197 28 toi-gelii-ht.dat
1431 1729 50 24 niet
1495 1728 109 25 Ollivier
1616 1736 50 15 was
1675 1728 184 31 overgeloopen
1871 1728 40 22 tot
1917 1726 30 24 de
1954 1733 65 17 meer-

1085 1766 115 27 derheid,
1218 1774 72 15 maar
1306 1766 59 24 deze
1384 1766 64 24 haar
1463 1766 143 31 standpunt
1618 1773 59 17 voor
1688 1766 45 22 het
1744 1765 63 28 zijne
1820 1765 50 22 had
1879 1762 154 25 verwisseld,

1087 1805 48 21 liet
1156 1806 161 28 programma
1333 1802 46 25 der
1394 1801 99 25 nieuwe
1512 1800 77 34 partij
1607 1801 98 25 bewees
1872 1800 26 25 at
1917 1800 40 30 wij
1967 1800 67 31 juist

1084 1838 102 26 hadden
1212 1839 103 32 gezien,
1341 1846 32 15 en
1398 1839 122 22 ofschoon
1550 1838 40 32 wij
1618 1838 45 25 het
1690 1838 122 28 indertijd
1831 1837 99 22 hebben
1949 1837 67 22 mede-

1084 1874 122 32 gedeeld,
1233 1873 70 27 heeft
1330 1874 45 24 het
1401 1873 61 26 door
1487 1871 31 30 de
1533 1873 104 34 jongste
1664 1872 209 34 gebeurtenissen
1893 1872 60 25 zulk
1971 1880 59 18 eene

1085 1910 158 38 belangrijke
1261 1907 146 33 betèekenis
1435 1913 152 34 verin','gen,
1616 1911 45 30 dat
1682 1913 40 34 wij
1741 1912 46 27 het
1805 1912 85 27 zullen
1907 1911 125 30 herhalen

1085 1954 119 28 alvorens
1220 1955 53 28 met
1292 1963 63 20 onze
1371 1955 185 33 beschouwing
1572 1954 92 31 verder
1683 1956 26 25 te
1728 1963 72 24 gaan.

1312 2050 475 2 BUITENLAND.

1316 2159 487 39 Groot-Brittannie.

1120 2224 32 27 In
1169 2224 137 35 Engeland
1322 2224 24 27 is
1362 2232 59 19 men
1437 2225 58 26 niet
1511 2224 94 34 weinig
1622 2223 132 33 verhougd
1779 2230 61 20 over
1857 2224 46 26 het
1922 2226 110 33 rapport

1087 2264 52 19 van
1154 2256 50 28 den
1220 2257 229 28 amerikaanschen
1466 2257 119 26 minister
1602 2264 51 19 van
1669 2263 106 21 marine,
1793 2255 50 28 den
1859 2256 64 27 heer
1939 2258 71 27 Robe-

1088 2296 52 24 son,
1159 2289 40 26 die
1218 2297 47 19 een
1281 2297 94 19 warme
1393 2283 80 33 huide
1491 2289 94 33 brengt
1605 2296 50 19 aan
1674 2289 30 26 de
1720 2287 116 28 britsche
1846 2283 183 40 oorlogsvloot,

1088 2322 80 26 welke
1181 2322 40 32 .hij
1243 2322 123 32 oneindig
1383 2322 56 26 veel
1452 2322 107 30 .sterker
1576 2322 89 30 noemt
1682 2321 51 26 dan
1753 2319 41 27 die
1821 2328 51 19 van
1897 2321 131 28 Amerika.

1168 2353 45 27 der
1222 2354 99 26 nieuwe
1331 2354 170 33 gepantserde
1513 2348 200 37 oorldgschcpch
1722 2359 50 18 van
1780 2352 135 32 Engeland
1928 2368 32 6 —
1969 2356 60 31 zegt

1088 2385 125 33 hij—zou
1220 2385 27 26 in
1256 2393 45 20 een
1312 2386 106 27 enkelen
1426 2387 52 32 dag
1486 2393 47 19 eon
1543 2385 92 33 geheel
1643 2382 194 27 ainerikaansch
1847 2385 107 28 eskader
1963 2387 50 26 kun-

1088 2425 51 20 nen
1157 2418 131 34 verjagen.
1322 2419 71 27 Toen
1409 2419 31 26 de
1459 2418 99 27 nieuwe
1580 2413 189 30 administratie
1795 2417 123 28 verleden
1935 2419 94 26 maand

1088 2450 87 27 Maart
1192 2459 51 18 aan
1259 2452 46 26 het
1322 2452 103 25 bewind
1441 2451 92 28 kwam,
1551 2447 110 27 bestond
1678 2447 31 25 de
1728 2447 210 31 amerikaansche
1957 2452 73 26 vloot

1088 2480 39 27 uit
1143 2485 48 24 203
1209 2483 118 33 schepen,
1345 2491 50 19 van
1413 2481 81 27 welke
1511 2476 98 32 slechts
1626 2486 47 19 oen
1690 2478 87 26 vierde
1795 2481 119 31 geschikt
1925 2491 52 19 was
1987 2491 41 19 ora

1088 2523 44 18 zee
1148 2516 27 25 to
1198 2515 97 27 kiezen.
1328 2516 40 32 Op
1393 2513 187 27 verschillonde
1606 2511 214 28 buitenlandsche
1846 2515 112 27 stations
1976 2524 35 19 wa-

1088 2554 46 19 ren
1153 2550 32 22 43
1202 2546 117 33 schepen,
1337 2546 67 26 doch
1421 2554 50 19 van
1488 2546 60 25 deze
1566 2551 86 18 waren
1675 2543 98 26 slechts
1796 2549 30 21 18
1851 2546 27 26 iv
1904 2549 61 25 zulk
1982 2556 48 19 een

1087 2580 130 30 toestand,
1234 2580 46 26 dat
1303 2580 32 32 zij
1364 2578 27 25 in
1422 2578 91 32 oorlog
1530 2585 51 17 van
1605 2576 85 26 dienst
1717 2576 99 27 zouden
1841 2577 104 28 kunnen
1970 2582 58 30 zijn.

1088 2610 129 26 Kostbare
1243 2610 170 34 gepantserde
1439 2610 117 33 schepen,
1581 2609 93 32 ijzeren
1693 2608 87 27 torens
1798 2619 32 18 en
1853 2608 177 31 machineriën

1089 2642 77 33 lagen
1200 2652 32 25 op
1265 2652 102 18 werven
1400 2644 27 24 te
1460 2643 118 24 roesten.
1613 2647 30 20 en
1677 2648 48 17 van
1762 2642 31 25 do
1827 2643 105 33 talrijke
1957 2646 72 25 vloot

1088 2675 142 31 monitors,
1264 2683 48 17 aan
1348 2674 80 26 welke
1462 2674 31 26 de
1525 2672 159 33 Vei'eenigde
1711 2673 92 27 Staten
1839 2675 31 26 de
1905 2678 107 26 verdedi-

1087 2707 65 33 ging
1175 2715 48 18 van
1259 2708 46 25 het
1341 2708 61 25 land
1434 2706 222 27 toevertrouwen,
1691 2713 47 17 zou
1772 2706 54 27 niet
1856 2709 46 24 één
1936 2711 93 32 gereed

1088 2740 50 33 zijn
1162 2740 111 33 geweest
1296 2747 40 18 om
1356 2747 46 18 een
1419 2738 172 34 plotselingen
1609 2738 92 24 aanval
1720 2738 26 26 te
1763 2739 60 26 keer
1841 2740 25 25 te
1884 2748 76 25 gaan.
1984 2743 44 25 Nu

1088 2773 71 25 heeft
1175 2773 122 25 Amerika
1317 2772 52 26 niet
1388 2772 48 25 den
1455 2772 66 24 inval
1541 2778 47 15 van
1598 2770 56 24 .'een
1670 2772 104 26 vreemd
1791 2772 43 32 leg

1088 2804 66 26 iloch
1173 2804 34 32 bij
1226 2804 45 26 het
1289 2805 81 25 eerste
1388 2804 99 32 signaal
1505 2810 50 17 van
1572 2809 45 15 een
1637 2799 203 31 brfiteiüandscbi
1856 2824 1 4 .

1089 2845 60 17 onze
1172 2837 71 25 vloot
1260 2837 53 25 met
1331 2836 167 30 overhaasten
1517 2832 77 33 spoed
1611 2838 31 21 en
1661 2841 31 27 op
1719 2837 93 32 weinig
1828 2837 110 26 eervolle
1958 2838 69 32 wijze

1088 2869 31 26 de
1135 2862 180 40 bescherming
1335 2876 74 19 onzer
1427 2868 59 26 kust
1504 2864 89 27 komen
1610 2868 103 26 zoeken.

1120 2902 46 24 Als
1185 2909 26 17 er
1228 2896 90 34 o'irlo'g
1336 2900 130 26 ontstond,
1485 2900 97 22 zonden
1600 2907 61 18 onze
1680 2901 107 31 schepen
1798 2909 32 22 op
1840 2901 30 24 de
1879 2902 79 22 meest
1970 2903 43 22 nut-

1087 2934 98 27 telooze
1204 2935 71 33 wijze
1291 2934 104 25 worden
1413 2929 152 35 opgeofferd,
1584 2930 30 26 of
1622 2931 159 39 gedwongen
1789 2930 105 26 worden
1902 2931 27 26 te
1938 2933 74 27 vluch-

1087 2966 45 25 ten
1156 2967 28 24 in
1209 2967 125 31 onzijdige
1362 2967 110 26 havens,
1499 2962 28 25 of
1550 2963 48 24 den
1628 2963 91 25 handel
1740 2965 111 28 aanzijn
1869 2963 39 24 lot
1925 2967 100 25 moeten

1088 2999 146 30 overlaten,
1263 3006 39 18 om
1325 2998 78 25 onder
1421 2996 31 25 de
1469 2993 208 30 amerikaansche
1695 2995 86 25 forten
1799 2994 31 25 de
1847 2993 181 40 bescherming

1088 3032 25 24 in
1131 3031 26 26 te
1175 3033 93 26 roepen
1287 3039 47 15 van
1354 3030 45 27 het
1414 3027 109 33 gesehut
1540 3028 46 24 der
1604 3028 145 31 batterijen.

1120 3064 39 25 De
1185 3063 115 26 britsche
1319 3063 72 24 vloot
1408 3061 21 24 is
1446 3056 174 39 daarentegen
1637 3067 45 17 een
1700 3058 138 25 Toonbeeld
1857 3066 51 19 van
1925 3060 102 31 kracht

1089 3096 85 25 «Door
1191 3094 52 25 hun
1260 3094 111 32 energie,
1388 3092 125 25 mildheid
1530 3100 32 17 en
1579 3090 239 33 scherpzinnigheid
1833 3091 48 33 zijn
1892 3092 30 25 de
1933 3093 93 37 Engel-.

1087 3128 78 22 seh.jn
1191 3124 26 26 in
1244 3128 71 22 staat
1459 3125 89 31 eenige
1565 3119 197 34 voortreffelijke
1781 3123 142 35 Oorlogschi

1088 3156 123 27 bouwen,
1228 3156 40 22 die
1287 3156 113 30 geducht
1416 3156 109 31 geschut
1541 3163 93 15 voeren
1651 3162 32 15 en
1703 3154 63 25 door
1783 3155 109 34 kracht,
1912 3167 9 18 e

1087 3194 31 15 en
1135 3185 141 31 veiligheid

1117 3214 38 26 De
1173 3214 98 26 niéuwe
1296 3216 169 31 gepantserde
1482 3215 109 33 schepen
1609 3223 48 18 van
1677 3216 132 34 Engeland
1827 3224 152 30 vereenigen
1997 3227 30 24 de

1085 3247 157 27 verbazende
1258 3248 89 26 macht
1363 3255 50 19 van
1430 3254 60 19 eene
1517 3247 130 33 drijvende
1669 3248 105 37 batterij
1792 3254 53 25 met
1863 3254 32 26 de
1911 3256 117 26 snelheid

1087 3291 31 17 en
1134 3280 31 28 de
1172 3280 231 38 beweegbaarheid
1410 3288 51 18 van
1469 3287 45 20 een
1532 3280 94 35 fregat.
1655 3283 54 27 Een
1726 3285 103 28 hunner
1844 3295 47 18 zon
1909 3295 45 20 een
1972 3296 41 20 ver-

1087 3314 180 37 schrikkelijke
1283 3314 86 34 vijand
1387 3314 57 32 zijn;
1461 3314 30 32 zij
1507 3314 48 32 zijn
1569 3325 64 18 even
1649 3319 70 25 sterk
1739 3319 25 26 in
1782 3320 149 27 kwantiteit
1948 3324 38 25 als
2000 3325 28 22 in

1085 3348 136 28 kwaliteit.
1256 3350 85 33 Tegen
1367 3346 30 30 de
1422 3351 32 22 43
1479 3347 110 35 schepen
1609 3359 47 19 van
1674 3351 30 27 de
1724 3352 63 26 Unie
1806 3354 71 26 heeft
1893 3356 132 31 Engeland

1087 3383 26 26 in
1130 3380 112 30 dezelfde
1260 3385 81 22 zeeën,
1361 3381 53 25 niet
1431 3381 99 26 minder
1547 3384 50 25 dan
1617 3387 44 24 191
1680 3385 118 34 schepen,
1815 3389 92 28 terwijl
1919 3389 44 22 het
1981 3396 45 15 een

1087 3416 135 34 //vliegend
1370 3422 50 18 van
1437 3415 128 33 geduchte
1583 3417 198 35 oorlogschepen
1795 3419 78 25 heeft,
1886 3418 44 25 dat
1941 3418 85 26 overal

1087 3457 69 18 waar
1172 3449 45 27 het
1233 3448 96 33 noodig
1344 3446 22 27 is
1382 3448 64 33 zijne
1468 3450 89 26 macht
1574 3450 51 26 kan
1643 3450 103 26 tonnen.
1781 3452 52 24 Een
1853 3450 79 25 troost
1954 3450 72 26 vindt

1087 3482 28 26 de
1135 3481 67 27 Heer
1224 3482 118 24 Robeson
1364 3481 96 26 slechts
1485 3483 26 24 in
1537 3482 31 26 de
1602 3483 156 31 ontzaglijke
1785 3482 176 25 meerderheid
1977 3490 48 19 van

1087 3511 148 37 Engeland,
1260 3511 45 28 dat
1325 3514 30 26 de
1381 3514 66 27 Unie
1463 3522 34 18 nu
1517 3515 109 32 gebruik
1638 3509 44 31 zal'
1698 3515 102 24 kunnen
1817 3513 92 24 maken
1928 3521 50 18 van
1996 3515 30 27 de

1087 3547 119 25 kostbare
1224 3547 207 30 proefnemingen
1449 3547 44 22 der
1513 3547 111 25 britsche
1642 3544 214 32 uiiiii>,•,,."VV,!,'',,
1860 3544 35 32 .'.V,'.
1896 3546 8 28 l,
1909 3544 57 32 ,!'','',
1980 3555 46 21 f?.','*'

1087 3598 85 25 deden
1200 3604 28 15 en
1248 3595 139 25 resultaten
1406 3600 30 19 en
1456 3593 98 25 kennen
1572 3592 30 25 de
1622 3589 91 28 kracht
1731 3595 30 18 en
1780 3593 30 20 ac
1827 3589 133 25 zwakheid
1981 3591 45 24 der

1172 3639 27 13 ....
1215 3627 97 26 marine
1363 3626 58 32 zegt
1439 3626 45 31 hij.

1119 3660 38 27 De
1176 3660 79 26 Tlmes
1273 3659 21 24 is
1306 3658 129 32 bijzonder
1453 3656 131 34 verheugd
1602 3660 60 22 over
1680 3652 58 26 deze
1756 3652 142 32 erkenning
1917 3654 107 25 vanden

1087 3703 46 18 ami
1146 3691 168 30 rikaanschen
1329 3690 126 31 minister,
1465 3690 46 25 dat
1530 3690 31 26 do
1586 3686 119 28 Britsche
1729 3681 176 32 oorlogsvloot
1931 3694 32 25 op
1982 3686 45 27 het

1088 3724 137 32 oogenblik
1250 3724 31 26 «Ie
1306 3729 73 21 zeeën
1406 3730 46 18 zou
1480 3724 102 22 kunnen
1609 3719 92 26 schoon
1722 3720 87 25 vegen.
1837 3716 190 34 Merkwaardig

1087 3759 87 28 noemt
1192 3758 38 25 dit
1246 3756 63 27 blad
1325 3756 60 31 bet,
1403 3756 44 25 dat,
1465 3754 94 33 terwijl
1576 3752 32 25 de
1625 3746 111 30 britsche
1752 3752 100 20 marine
1869 3749 46 27 het
1935 3750 73 34 begin-

1089 3802 11 15 s
1117 3794 8 22 1
1143 3800 48 17 van
1208 3793 87 22 torens
1312 3798 32 24 op
1361 3789 31 26 de
1419 3785 200 35 pprlogschepèn
1637 3783 26 26 te
1690 3783 99 21 hennen
1817 3783 67 31 jnrst
1902 3790 33 32 op
1954 3783 57 35 prak-

1088 3823 83 28 tische
1188 3822 70 33 wijze
1276 3822 71 25 heeit
1380 3822 149 32 toegepast,
1558 3817 30 26 de

1199 3857 4 22 l
1218 3854 76 28 heeft
1306 3861 157 26 verworpen.
1481 3853 38 26 De
1537 3847 63 31 heer
1606 3842 119 32 Robeson
1734 3842 163 32 veroordeelt
1906 3848 14 27 h

1089 3888 193 31 nitor-systeem
1307 3886 27 27 in
1361 3887 31 25 de
1416 3886 159 28 krachtigste
1602 3882 98 21 termen
1735 3880 128 26 Monitors
1884 3883 50 31 ziju
1952 3882 57 26 onge-

1090 3921 85 26 schikt
1192 3930 41 17 om
1252 3928 43 18 zee
1315 3922 22 20 !■
1358 3918 113 31 bonwen,
1491 3917 31 32 zij
1548 3913 46 32 zijn
1616 3919 2 24 |
1765 3914 46 21 iers
1837 3919 72 20 maar
1935 3909 85 30 slee»*

1090 3951 242 34 stoom-batterijen.
1351 3952 53 26 Het
1430 3951 71 25 beste
1527 3946 43 26 dat
1589 3948 57 20 men
1665 3946 48 19 van
1743 3944 48 22 ben
1811 3952 97 27 zeggen
1926 3944 91 28 kan,*

1091 3986 44 26 dat
1156 3985 30 30 zij
1205 3979 80 31 onder'
1302 3990 57 20 zeer
1365 3980 122 34 gunstige
1505 3973 162 31 omstandigh
1913 3978 105 37 '-""f-i,

1091 4017 185 32 ondernemen,
1299 4016 66 27 doch
1380 4015 47 28 dat
1452 4012 30 33 zij
1500 4011 60 26 zelfs
1586 4013 26 18 m
1638 4004 45 26 dat
1711 4005 72 32 geval
1807 4010 74 35 altijd
1910 4002 107 50 rers^.

1091 4051 74 25 lende
1183 4051 111 31 schepen
1312 4049 97 32 noodig
1426 4046 99 26 hebben
1543 4048 41 18 om
1607 4038 48 25 hen
1677 4038 2 22 I

1093 4091 64 24 geen
1174 4083 100 28 masten
1291 4081 117 31 hebben,
1426 4085 31 19 en
1482 4070 112 39 gesleept
1620 4069 103 27 moeten
1748 4076 106 26 worden
1880 4074 86 28 zoodra
1998 4083 8 12 .-

1093 4115 132 27 steenkool
1241 4115 21 26 is
1280 4114 126 33 uitgeput.
1433 4109 35 32 Zij
1496 4113 47 19 ran
1561 4102 214 35 zeer-gevaarlijk
1794 4115 61 19 voor
1874 4109 28 26 de
1920 4109 27 27 g'
1990 4110 22 27 .'

1093 4148 60 26 heid
1169 4148 28 25 in
1213 4147 130 33 tropische
1354 4147 92 26 zeeën,
1463 4133 79 43 en.als
1560 4141 26 20 er
1602 4133 48 27 iets
1667 4141 50 20 aan
1735 4135 30 28 de
1786 4141 129 28 machinei

1093 4180 98 32 drijven
1211 4180 31 32 zij
1259 4179 135 33 hulpeloos
1409 4173 65 26 rond
1495 4178 24 15 in
1539 4168 14 22 1,
1572 4173 7 17 t
1603 4175 2 12 :
1874 4187 1 2 .
1924 4169 26 19 a)
1955 4178 4 2 ■

1126 4214 128 25 Monitors
1280 4189 48 56 zijn
1355 4208 47 26 dus
1422 4201 94 30 slechts
1533 4205 61 20 voor
1615 4198 56 25 kus;
1916 4207 2 5 ■
1938 4200 5 14 .
1961 4189 8 21 t
1991 4206 17 19 n

1094 4246 26 25 in
1148 4246 85 26 hunne
1263 4245 85 27 plaats
1372 4235 112 28 wenscht
1507 4233 30 24 de
1552 4232 211 30 amerikaansche
1785 4238 117 26 minister
1915 4233 93 26 IWWt-
2016 4240 6 32 ;

1094 4277 72 27 serde
1192 4277 130 27 fregatten
1333 4293 4 9 ,
1356 4271 39 27 die
1416 4272 80 19 zware
1515 4264 135 24 kanonnen
1678 4272 91 22 voeren
1795 4278 30 19 en
1843 4265 76 30 ondoo

1096 4311 123 30 baaizijn
1232 4316 61 18 voor
1304 4306 44 24 let
1359 4296 144 37 vijandelijk
1520 4298 116 46 gi^cnut.
1667 4298 18 24 1,

1096 4350 45 18 een
1161 4326 200 41 huWrmogen
1380 4335 72 22 dezer
1469 4326 196 37 oorlogsfregatt

1097 4378 54 24 n,'-n
1168 4352 100 48 mol'ten
1287 4364 118 32 krachtig
1422 4365 100 31 genoeg'
1537 4365 52 26 zijn
1622 4368 40 20 om
1683 4363 25 27 in
1727 4368 76 34 geval
1818 4369 48 22 van
1881 4352 32 28 ac!

1204 4408 2 22 I
1235 4411 46 17 van
1309 4396 87 32 strijd;
1421 4401 52 19 aan
1499 4391 44 25 het
1561 4391 72 35 schip
1651 4402 71 26 grooi
1739 4413 2 4 ■
1761 4391 110 34 snelheid
1889 4391 6 18 '

1097 4441 64 25 doch
1178 4437 46 26 het
1240 4433 70 30 schip
1330 4427 70 27 moet
1417 4433 24 15 in
1461 4422 47 26 den
1532 4421 69 34 regel
1620 4429 21 28 ge
1642 4429 66 28 1,,,,.
1735 4440 46 18 ran
1804 4428 59 30 ,jtae
1878 4422 21 19 »'

1097 4473 80 25 zeil.n
1204 4468 148 25 afhangen,
1377 4462 32 27 ep
1429 4453 112 30 bemand
1556 4459 104 28 worden
1680 4462 63 30 door
1757 4448 138 56 uitstek^

1098 4501 126 33 plinecrde
1243 4496 129 25 matrozen
1393 4498 27 15 „o
1450 4487 44 25 the
1513 4487 44 27 old
1693 4498 39 32 Op
1749 4498 38 25 dit
2024 4512 7 17 r

1097 4524 106 39 Ster
1219 4527 37 34 bij
1273 4521 138 32 berhabng
1426 4519 78 33 terug
1520 4527 32 20 en
1563 4520 34 39 hij
1917 4514 70 34 _cC
2029 4539 2 22 ,

1100 4566 98 25 werden
1224 4561 190 30 ingespannen-,
1440 4559 40 19 om
1508 4552 28 27 de
1565 4559 64 26 oude
1656 4561 89 26 school
1760 4559 77 26 van»
1971 4572 13 17 e
2026 4569 6 25 t

1195 4600 28 15 „
1252 4585 83 30 weder
1358 4585 26 25 te
1421 4585 64 21 doen
1518 4585 129 32 herleven.
1687 4591 72 27 Voor!

1188 4630 25 20 er
1224 4620 96 27 slechts
1328 4618 52 25 tien
1390 4617 109 35 schepen
1509 4619 106 34 volgens
1626 4624 37 27 dit
1674 4626 80 25 nieuw
1933 4617 53 35 '/en
2026 4633 6 24 <]

1191 4656 69 27 ation
1285 4668 30 1 -
1341 4651 26 25 in
1397 4650 48 24 d-n
1472 4656 117 25 vreemde
1615 4672 31 4 -
1664 4668 31 17 en
1713 4658 33 30 hij
1765 4656 71 39 v-ff

1098 4689 99 30 krediet
1213 4694 48 18 aan
1279 4693 39 17 om
1338 4681 145 34 gedurende
1502 4687 39 22 uit
1553 4688 60 32 jaar
1622 4691 53 25 vier
1687 4691 41 25 dez
1740 4696 18 15 -.'
1766 4683 63 26 schel
1869 4681 15 21 d-
1896 4681 78 39 bofc»
1974 4701 13 17 e
2026 4709 6 14 f

1131 4721 47 32 Wij
1198 4719 102 26 hebben
1318 4722 45 22 een
1381 4720 60 28 paar
1459 4715 87 30 weken
1567 4721 106 33 gvfcden
1693 4727 43 22 een
1754 4715 81 41 eevif
1859 4719 43 24 Hiii

1098 4750 171 33 beschrijving
1294 4754 115 27 gegeven
1431 4752 51 21 van
1509 4749 31 26 de
1558 4755 100 26 nieuwe
1675 4753 87 34 gepanl
1920 4752 67 33 ioals
2026 4755 2 4 '

1100 4780 149 39 Engeland,
1269 4780 44 26 '/de
1330 4778 174 34 linieschepen
1520 4792 48 20 van
1587 4787 30 26 d„
1635 4796 15 18 T
1651 4788 54 26 loot
1722 4783 43 27 der
1781 4778 22 22 t
1805 4783 81 38 0„»
1905 4788 83 28 Aden
2027 4788 5 31 j

1100 4817 39 35 wij
1157 4826 27 15 ze
1202 4813 132 27 noemden.
1367 4812 64 25 Deze
1447 4813 110 37 schepen
1576 4819 100 28 hebben
1696 4819 30 27 do
1736 4812 81 41 bévr°f
1819 4832 2 21 x
1824 4812 71 37 3ng
1902 4812 85 41 /Voor
2028 4833 4 17 ;

1100 4846 223 32 amerikaanschen
1350 4845 117 25 iimnster
1485 4854 143 26 opgewekt,
1646 4852 64 27 doch
1728 4845 149 40 ha.fr_>g
1886 4852 103 30 «arme

1101 4891 41 18 om
1167 4887 63 17 even
1257 4876 129 35 geduchte
1417 4876 111 35 schepen
1556 4885 118 27 voorlde
1701 4876 181 44 nn^p^'.^eUe
1896 4889 24 22 ,;■

1100 4917 26 24 te
1144 4913 115 26 bouwen,
1278 4910 92 26 zoodat
1387 4910 30 25 de
1435 4913 136 30 engelsche
1592 4917 71 27 »first
1680 4916 66 27 ratos
1763 4924 4 11 ,
1857 4910 47 27 del
1909 4928 81 22 CDDen
2029 4910 2 15 <

1101 4944 125 28 zeelieden
1245 4943 59 25 deze
1323 4941 109 39 schepen
1455 4950 116 31 noemen,
1590 4958 64 24 geen
1671 4939 231 44 evenkß^lullci*
1906 4955 37 25 wt
1961 4956 15 27 d
2026 4941 6 43 J

1101 4981 28 24 in
1156 4976 30 26 de
1212 4974 208 27 amerikaansche
1440 4976 79 28 vloot,
1550 4982 35 27 De
1824 4972 67 37 ver|
1893 4994 33 19 en
1935 4996 27 19 re
2026 4975 6 17 i

1101 5009 118 27 minister
1233 5009 44 24 toe
1298 5014 50 15 aan
1365 5004 30 26 de
1413 5010 125 27 monitors
1557 5015 41 26 die
1618 5022 52 22 nog
1687 5004 124 32 besta»"'e
1811 5016 15 19 n
1843 5004 104 40 ai/j,,,,..:'
1961 5022 6 12 «
1982 5026 5 6 .
2030 5014 2 9 '

1102 5039 145 43 uitgebreid
1265 5037 111 34 systeem
1393 5046 51 19 van
1465 5042 141 37 torpedo's,
1620 5055 46 18 aan
1677 5030 131 51 het*€s
1818 5030 77 44 grolf
1939 5037 14 43 '
1964 5035 27 46 £
2030 5041 2 25 I

1103 5067 85 37 Reclt.
1224 5069 87 27 «Doch
1338 5078 51 18 van
1409 5080 46 20 een
1473 5080 136 26 vreemden
1628 5076 65 28 inval
1710 5073 79 33 hy.<
1804 5074 187 39 wÓfcadheM
2030 5074 2 19 '

1204 5115 2 12 i
1228 5125 2 4 .
1250 5102 59 33 zegt
1328 5101 35 27 hu
1383 5113 46 18 //en
1446 5106 32 27 de
1495 5113 90 28 oorlog
1603 5113 51 26 met
1833 5100 81 46 '$_
1929 5100 51 46 £.„
2030 5131 2 5 .

1104 5141 69 25 moet
1189 5133 177 33 noodzakelijk
1376 5146 45 17 een
1431 5145 145 32 zee-oorlog
1586 5146 56 30 zijn.
1664 5139 63 27 »DeD
1735 5135 207 41 3*ik»fei_,
1962 5166 30 11 .
2030 5148 2 9 '

1106 5173 40 25 d.'l
1167 5167 93 34 WilblJ
1281 5165 86 28 doord
1526 5177 148 27 beschreven
1840 5170 81 40 'ij.,._'
1929 5166 76 41 ;.\
2030 5172 2 26 !

1106 5205 40 31 wij
1163 5202 116 31 vestigen
1293 5198 106 28 daarom
1409 5211 54 26 nog
1470 5212 64 20 eens
1539 5207 31 28 de
1580 5198 288 44 aa_acbt^.*tgee*t
1870 5220 28 21 en
1933 5198 58 41 ■-][
2030 5205 2 18 i

1106 5230 89 32 weien
1212 5230 107 33 geleden
1336 5237 150 30 aangaande
1506 5239 31 26 de
1557 5241 111 27 britsche
1687 5230 72 27 B&/k
1776 5230 216 46 opnTeenUjhvi
2030 5238 2 38 1

1106 5267 97 26 hieruit
1219 5263 84 33 blijkt,
1318 5263 45 28 dat
1381 5269 38 38 de.
1430 5269 162 38 Engelschen
1611 5282 30 19 en
1659 5269 44 45 hf
1726 5254 113 56 >enf
1844 5275 21 27 is
1876 5283 59 27 verd
1954 5269 21 45 ,'.j
2030 5263 2 25 ]

1195 5296 149 32 ivergesteld
1362 5300 116 35 beginsel
1498 5307 115 32 uitgaan.
1633 5302 32 27 De
1680 5289 89 56 f%e
1791 5289 106 51 vf,tser
1916 5327 12 7 
1945 5328 22 17 )0
1980 5289 14 27 d
2030 5307 2 21 i

1107 5331 25 28 in
1152 5333 63 24 twee
1226 5327 169 34 aftteehngen.
1417 5335 34 28 De
1462 5341 81 25 eerste
1556 5335 98 31 bestaat
1663 5330 34 25 uit,
1708 5324 33 24 %
1746 5341 30 19 ar
1785 5323 51 43 gZ]
1886 5323 40 31 'l.;
1938 5327 57 21 «01-
2030 5335 2 17 ,

1107 5363 159 35 logschepen,
1285 5366 93 26 zonder
1395 5370 109 31 masten,
1522 5373 40 25 die
1571 5373 26 25 in
1612 5369 72 24 twee;

1107 5398 77 27 schut
1199 5400 100 25 voeren,
1318 5396 45 26 dat
1381 5406 33 20 nu
1433 5402 43 25 toe
1495 5395 169 39 uitgevou*?»
1677 5393 80 33 H'^et
1775 5391 63 39 elft
1860 5391 18 44 V,
1892 5424 9 11 ,
1922 5391 70 44 t&.
2030 5399 2 17 1

1108 5427 171 30 machinisten
1315 5435 31 19 en
1375 5433 116 30 stokers,
1517 5435 39 28 die
1589 5435 59 24 voor
1670 5421 27 47 ''„
1845 5452 24 19 CO
1872 5433 24 39 oi
1922 5431 73 41 vn'J

1108 5469 92 25 zorgen
1227 5465 30 19 en
1276 5466 48 19 van
1342 5470 170 28 genoegzame
1530 5454 235 47 ba*»*»*,'"v„„v
1776 5452 25 52 f
1801 5478 28 20 eil
1839 5453 52 51 *°?j
1923 5459 73 19 vooi-
2030 5466 2 13 ,

1109 5500 61 22 zien,
1198 5498 40 19 om
1256 5491 93 28 zonder
1369 5483 83 44 v&a\
1453 5509 12 18 e
1485 5502 58 26 kool
1561 5500 24 25 in
1603 5497 25 24 te
1643 5487 79 47 f%.
1743 5483 112 39 h-U*
1915 5499 1 6 '

1110 5524 145 27 New-iork
1289 5525 26 24 te
1350 5526 102 31 kunne,,
1487 5536 122 24 stoomen.
1641 5517 51 34 &*
1713 5517 124 50 „„d'l.a,
1880 5523 4 14 '
2030 5552 2 4 ■

1109 5558 54 25 niet
1196 5556 118 28 kruisen,
1350 5559 65 30 doei
1449 5567 84 25 zullen
1566 5559 37 28 uit
1628 5548 56 47 &}
1683 5548 180 47 titsclXlj^'"
1876 5578 18 17 r

1110 5589 47 25 d-n
1183 5589 103 25 worden
1304 5595 177 35 «nnuddellijk
1508 5602 61 20 naar
1589 5585 41 30 bc*
1648 5583 44 32 V\
1711 5571 203 64 wafc^'S
1938 5583 58 32 **»•
2030 5591 2 4 '

1110 5622 37 26 De
1172 5619 97 30 twfeedê
1292 5622 129 39 afdeeling
1439 5628 102 31 bestaat
1556 5623 39 28 uit
1609 5611 197 51 *^tsila»
1827 5617 22 24 4
1865 5621 41 41 ,!'

1110 5653 119 32 namelijk
1266 5656 53 25 met
1350 5652 123 41 hct°oog
1498 5670 32 22 op
1554 5657 28 28 d*
1590 5654 110 39 J__d
1727 5641 78 52 _a£
1837 5662 2 5 '

1111 5687 86 22 torens
1215 5686 107 32 hebben,
1341 5691 66 28 doch
1426 5696 87 22 eenige
1532 5683 135 35 ar>»?t,'°pS
1685 5673 74 46 vanf
1768 5675 33 44 hï
1822 5673 64 46 kullJ
1887 5687 35 17 Jo''
1944 5686 54 20 V<K'

1111 5726 60 20 ren,
1189 5719 99 26 masten
1313 5700 103 53 __£_
1456 5702 92 52 en*me
1548 5722 14 24 *
1593 5695 110 70 $$««■
1726 5695 274 70 tëX^^k4-

1111 5757 118 19 voorzien
1256 5759 56 19 zn.
1348 5756 66 27 Deze
1439 5760 107 22 schoen
1572 5744 71 28 zU'M
1661 5756 37 24 als
1723 5756 22 27 In
1765 5772 9 11 „
1834 5751 91 19 '"'"'n
1937 5747 63 25 •*n

1111 5783 96 25 slechts
1224 5784 27 27 in
1269 5759 48 60 tijd
1341 5766 135 52 vanVod
1486 5772 64 45 Lnun
1572 5776 35 56 f
1609 5807 5 17 v
1615 5776 133 56 >mf
1757 5771 169 60 Sl^Z
1959 5774 39 51 t

1111 5813 171 31 Amerikanen
1309 5819 174 30 daaivuti-en
1506 5815 65 38 wilb;
1597 5843 5 6 ,
1622 5809 72 40 'Vms
1717 5813 7 8 '
1778 5809 67 27 ll»Poi
1853 5809 11 22 t
1881 5817 48 18 van
1951 5810 48 26 den

1111 5845 118 28 minister
1248 5852 150 35 voorloopt
1424 5865 47 18 v_
1498 5837 104 40 dezelt*'
1769 5836 38 53 Jto
1832 5841 116 27 snelheid
1969 5850 31 18 ,-n

1113 5887 46 25 gro
1172 5881 31 25 rte
1221 5867 243 54 strijdvaardigheid
1489 5863 138 64 d***j
1654 5863 130 63 zulï|^
1799 5872 132 54 gojje*
1951 5863 50 47 4*

1113 5911 39 26 als
1169 5911 31 28 de
1217 5913 115 33 britsche
1349 5917 195 38 ooriogschepe»
1554 5924 5 8 -
1613 5907 9 32 h
1641 5907 63 35 zool
1717 5911 21 39 fi
1963 5909 37 45 nl,

1113 5944 31 26 de
1160 5944 115 31 britsche
1293 5944 202 35 kruisers/Het
1514 5935 91 58 gg£*
1625 5957 9 17 r
1637 5960 61 26 am
1700 5966 12 11 ,
1715 5940 92 52 H^
1807 5975 13 18 0
1828 5935 172 38 '3e"<'«ligeu.l

1114 5986 63 17 voor
1201 5980 146 34 Kngeknd,
1372 5995 31 18 en
1427 5985 53 27 niet
1504 5983 24 19 i»
1572 5972 20 46 _f
1607 5975 113 39 bevr,.'_e
1747 5975 57 44 ;,„°
1807 5975 24 19 W
1861 5972 128 47 alle.voor-

1114 6012 117 28 standers
1258 6025 48 19 van
1333 6019 48 28 den
1407 6015 97 31 vrede,
1517 6012 14 15 «
1538 6006 21 50 f
1570 5999 138 47 Volge^,
1726 6026 24 26 in
1750 6006 52 51 °^

1114 6051 33 20 aa
1175 6046 48 26 den
1243 6050 60 26 heel-
1322 6052 128 26 liolieson,
1476 6046 43 26 «P
1671 6033 332 54 too-JendLvf^*o3

1115 6077 54 27 niet
1185 6078 27 27 in
1230 6083 69 26 staat
1316 6085 106 31 eenigeu
1440 6074 71 30 ooi'l".
1707 6066 154 28 '«gendheid
1872 6071 25 27 te
1909 6072 78 26 onder-

1115 6117 100 20 nemen.

1384 6155 348 50 Duitschland.

1148 6237 164 33 BERLIJN,
1339 6243 31 21 30
1395 6220 154 48 &*■&
1766 6230 34 47 Sh
1808 6234 17 44 a,
1825 6227 180 51 ndej-?,ar-Zal

1119 6278 61 21 voor
1196 6282 46 18 ons
1258 6274 77 26 land.
1352 6278 21 20 0.
1391 6275 21 17 a.
1429 6266 39 19 «m
1695 6255 72 34 °W*
1786 6257 142 34 behiugruk
1946 6270 59 24 jaar

1119 6304 65 35 zijn,
1212 6307 84 31 dewijl
1322 6302 85 27 alsdan
1426 6289 247 52 a%^rf_vvichjfbij
1693 6321 26 20 OD
1720 6293 94 48 T£*
1817 6298 41 44 We,
1854 6302 48 19 s™
1923 6298 81 41 ,lilT

1119 6339 89 31 maakt
1232 6339 69 30 moet
1319 6319 268 57 woaj^J^i*»*
1604 6319 184 57 fa«givül£
1805 6327 63 48 Spf
1885 6328 89 47 HM•

1121 6565 71 22 heeft,
1209 6562 28 25 de
1248 6561 81 26 regeel
1337 6554 43 24 intf
1388 6552 139 33 ".'Ti-'het
1545 6568 13 18 O
1561 6557 47 28 X.\
1625 6563 39 24 1.,.,
1736 6559 30 19 en
1786 6553 60 27 hare
1864 6554 129 33 maatrege-

1121 6598 43 26 len
1188 6602 24 18 ei
1212 6568 91 48 'vSr
1320 6624 4 11 (
1326 6585 56 51 i'^'
1387 6572 74 32 r,cht;
1473 6591 43 27 Van
1533 6568 65 51 zaf
1628 6568 72 34 WaB
1701 6585 19 27 *
1735 6585 63 28 acht
1813 6588 31 32 zij
1861 6588 48 24 den
1928 6587 81 32 afloop

1140 6637 7 17 1
1153 6633 210 50 Men''verzekel*
1377 6630 285 65 "'{.^meei/orstel
1815 6652 44 25 het
1871 6651 58 26 nlan
1939 6650 70 26 heeft

1122 6687 110 31 opgevat
1251 6677 149 41 om.t'iJ^n
1414 6677 61 37 J,%_
1479 6697 14 17 a
1495 6696 15 8 „
1535 6677 43 41 __k
1594 6696 31 19 vo
1652 6677 44 20 *«i
1706 6677 26 27 to
1741 6683 100 31 dienen,
1857 6681 152 27 strekkende

1121 6713 50 34 to?
1181 6712 155 32 verhooging
1352 6707 48 20 va»
1417 6702 22 28 ««
1453 6712 13 24 k
1469 6728 28 26 og
1499 6703 60 45 %f
1561 6699 15 22 *
1611 6699 45 21 oor
1672 6709 90 39 oorlog
1780 6722 32 21 en
1827 6715 43 26 tot
1890 6713 98 27 vaststa
2000 6723 9 7 -

2073 1303 57 32 ling
2147 1303 56 26 dier
2219 1299 154 37 begrooting
2381 1305 64 19 voor
2453 1304 46 20 een
2517 1299 43 37 zjbr
2575 1293 86 26 aantal
2674 1294 85 32 jaren.
2777 1296 91 26 Mocht
2883 1297 45 25 het
2941 1304 34 18 nu

2074 1335 145 32 gebeuren,
2239 1336 46 25 dat
2303 1332 33 31 bij
2353 1332 33 26 de
2409 1328 155 34 .erstvolgde
2581 1325 148 34 verkiezing
2754 1328 31 26 de
2802 1328 126 26 liberalen
2946 1328 30 27 de

2074 1367 176 33 overwinning
2268 1364 124 30 behalen,
2411 1363 48 26 dan
2479 1361 46 28 he«
2543 1367 58 20 men
2617 1367 45 19 een
2680 1358 136 32 waarborg
2832 1358 142 34 verkregen

2073 1406 63 18 voor
2152 1398 32 26 de
2202 1396 227 27 konstitutioneele
2439 1390 151 33 ontwüeling
2609 1398 51 18 van
2675 1391 50 25 den
2743 1390 76 27 bond.
2841 1391 135 26 Verklaart

2074 1430 56 26 zich
2151 1429 30 27 de
2198 1428 175 28 meerderheid
2382 1428 44 26 der
2434 1426 142 26 kiczelvoor
2584 1422 31 26 de
2624 1422 220 32 konservatieven,
2857 1422 50 27 dan
2915 1431 60 27 mag

2073 1470 60 17 men
2151 1462 93 25 andere
2264 1462 80 25 zaken
2361 1461 26 25 te
2406 1456 164 35 gemoefeien-,
2588 1455 45 26 het
2654 1463 96 25 gevaar
2766 1454 22 26 is
2815 1454 90 27 alsdan
2929 1465 46 18 zoo

2073 1501 18 51 f
2093 1493 72 27 root,
2181 1493 45 26 dat
2243 1493 119 26 niemand
2387 1491 26 25 in
2440 1491 40 24 sta
2483 1487 37 28 ads
2542 1489 26 24 to
2593 1487 128 31 voorzien,
2746 1487 80 26 welke
2849 1487 126 35 gevolgen

2092 1525 84 26 aaruit
2199 1525 85 26 zullen
2302 1521 235 34 voortspruiteq(Dit
2554 1520 61 32 gaat
2633 1527 106 24 zoover,
2765 1519 46 27 dat
2828 1517 74 31 velen
2919 1530 57 19 zeer

2073 1557 113 27 beducht
2204 1557 65 32 zijn,
2287 1556 26 26 in
2330 1553 122 33 dergelijk
2470 1554 53 30 gal,
2543 1552 28 26 de
2596 1552 110 33 vrijheid
2732 1552 45 26 der
2792 1552 183 34 afzonderlijke

2074 1590 169 26 bondsstaten
2267 1596 57 19 zeer
2340 1589 26 25 te
2386 1585 53 26 zien
2461 1583 107 31 hfcken,
2583 1584 31 33 ja
2631 1585 116 26 wellicht
2766 1585 92 33 geheel
2876 1587 26 26 te
2921 1587 54 28 niet

2073 1623 27 24 te
2120 1622 54 25 zien
2194 1622 30 24 dn

2179 1652 32 26 de
2231 1649 279 35 Noord-Duitschejind
2528 1648 116 28 bestaat,
2661 1656 63 27 mag
2740 1657 47 19 een
2809 1650 78 33 groot
2902 1658 58 19 voor-

2139 1706 4 4 .
2494 1689 28 18 en
2541 1680 30 26 de
2589 1681 103 31 overige
2709 1683 86 24 staten
2815 1683 103 26 worden
2930 1691 30 24 ge-

2161 1726 12 15 i,
2193 1714 86 27 indien
2297 1714 31 27 he
2555 1719 12 19 o
2584 1709 34 35 hij
2641 1711 85 26 berust
2746 1722 47 17 van
2811 1715 91 33 streng
2910 1714 48 27 kon-

2074 1748 195 26 stitutioneelen
2280 1746 60 27 aard
2360 1744 26 30 is,
2406 1754 1 13 i
2448 1748 1 26 I
2641 1743 39 26 lon
2688 1744 63 26 «ïcht
2758 1744 124 28 liberalen

2072 1780 74 22 Maar
2164 1779 20 24 is
2202 1778 37 25 dit
2256 1776 54 27 niut
2328 1776 45 24 liet
2389 1770 59 44 gevj
2465 1774 126 33 zegeviert
2609 1774 45 26 het
2670 1776 122 24 militaire
2811 1776 161 33 despotisme,

2072 1811 50 24 dan
2146 1809 63 32 gaat
2225 1807 94 26 weldra
2346 1806 58 26 alles
2569 1807 110 26 hetwelk
2705 1806 43 27 ten
2765 1807 73 26 koste
2861 1817 48 17 van
2927 1817 45 18 zoo

2164 1839 73 26 loeite
2255 1847 28 15 en
2304 1838 138 27 bezware»
2458 1838 154 32 verkregen;
2639 1840 48 25 dan
2706 1839 81 33 hangt
2804 1839 46 26 het
2870 1840 100 25 zwaard

2070 1879 50 18 van
2146 1870 137 28 Damokles
2310 1871 83 27 boveu
2419 1876 12 19 cce
2432 1885 13 17 e
2469 1870 168 32 konstitutie,
2662 1872 97 26 waarin
2787 1879 50 19 van
2863 1872 107 32 vrijheid

2073 1903 92 35 sprake
2181 1904 30 26 is.

2104 1938 61 25 YVat
2183 1937 30 26 de
2230 1937 89 26 naaste
2335 1931 96 28 took«m
2446 1946 13 17 o
2461 1942 27 19 ns
2504 1931 39 25 zal
2561 1931 130 38 brengen,
2717 1937 50 32 ligt
2785 1937 143 32 verborgen
2944 1937 27 26 in

2072 1970 48 27 den
2146 1970 91 26 schoot
2261 1976 48 18 van
2328 1965 45 25 het
2394 1971 28 30 jj-
2440 1969 64 27 iB7ü-
2518 1996 5 4 .
2538 1964 45 25 Zal
2610 1965 46 28 het
2674 1969 50 32 zijn
2743 1969 228 27 konstitutioneele

2156 2003 102 32 itgang,
2276 2001 38 25 zal
2330 1997 44 26 het
2391 2003 18 17 z;
2420 2011 13 17 r
2433 1995 130 33 erire«ling
2574 1997 46 26 der
2636 1996 216 38 volk'svrijheden,
2871 2002 31 28 de
2921 2003 38 25 uit-

2072 2036 56 32 slag
2152 2035 45 26 der
2212 2030 176 31 verkiezingen
2399 2028 9 38 (
2434 2031 41 26 liet
2503 2028 124 32 volgend.,
2641 2033 60 32 jaar
2720 2035 39 25 zal
2785 2035 46 26 het
2850 2043 46 18 ons
2915 2043 43 18 ver-

2070 2068 137 32 kondigen.
2373 2089 14 5 ..
2483 2075 21 21 ;.

2102 2100 96 30 Talrijk
2225 2098 51 33 zijn
2300 2095 28 25 de
2354 2098 99 28 vilden,
2478 2095 39 19 me
2543 2095 32 21 de
2583 2095 233 30 konstitutioneele
2826 2100 126 26 ontwikke-

2069 2133 56 32 ling
2135 2152 4 11 ,
2165 2130 39 28 die
2230 2130 31 26 de
2285 2125 174 33 vrijhei^Uen
2478 2125 106 26 dooden.
2602 2126 39 28 De
2663 2130 210 30 reaktionnairen
2890 2140 32 19 en
2937 2133 32 26 de

2070 2157 315 35 60.iaal-demokratisclw..
2388 2172 22 18 ia
2413 2157 80 28 ikalen
2518 2161 67 25 gaan
2614 2159 70 27 hand
2712 2163 27 27 in
2764 2164 70 26 hand
2857 2165 53 25 met
2939 2164 30 27 de

2069 2198 224 26 ultramontanen;
2310 2193 47 20 van
2369 2204 31 19 __„
2415 2189 79 30 zyden
2511 2192 94 28 mogen
2622 2191 32 26 do
2662 2192 128 31 liberalen
2798 2196 58 26 zich
2872 2204 31 24 op
2922 2204 46 20 een

2069 2230 78 27 feilen
2164 2226 92 30 aanval
2272 2225 107 31 gewapta
2394 2217 105 33 houden.

2100 2314 215 37 FRANKFORT,
2331 2314 76 40 9|Dec.
2433 2309 89 32 (Part.
2541 2313 92 37 Korr.)
2667 2317 72 31 Naar
2756 2321 96 35 gelang
2870 2320 31 28 de
2919 2319 45 34 tijd

2068 2355 107 31 nadert,
2194 2355 99 25 waorop
2310 2346 44 34 doj_
2356 2361 14 19 n
2372 2348 63 26 dd»g
2448 2346 40 22 wl
2504 2348 198 35 samenkomen,
2730 2353 128 34 beginnen
2875 2353 31 27 de
2922 2352 28 27 be-

2068 2387 116 32 strijders
2199 2389 48 21 van
2263 2376 44 30 het
2615 2388 64 22 naar
2694 2392 59 21 men
2772 2386 43 33 mij
2831 2383 84 27 heden
2927 2382 37 26 uit

2068 2419 130 28 Munchen
2213 2409 104 32 bericht,
2327 2409 125 38 pinker
2460 2409 39 21 wti
2517 2409 137 32 tekomen
2679 2422 63 22 voor
2759 2417 45 28 het
2820 2415 77 35 plan,
2923 2422 40 18 om

2068 2453 46 27 het
2131 2459 45 20 zoo
2191 2441 202 43 spoedig'«Tfeelijk
2412 2445 31 25 OP
2542 2441 27 27 te
2587 2445 139 34 schuiven,
2753 2457 45 20 zoo
2825 2447 81 28 meldt
2933 2446 30 27 de

2067 2487 163 28 Augsburger
2246 2476 141 33 Posl-'-tunii,
2413 2476 230 40 jmproklaraeert
2667 2479 27 27 in
2721 2483 64 25 haar
2802 2480 90 33 jongst
2909 2486 41 18 ver-

2068 2518 110 26 schenen
2196 2510 106 31 nomnier
2313 2516 11 13 i
2327 2518 27 22 cß
2354 2504 41 33 lyT«
2413 2504 48 21 eten
2478 2504 92 37 oorlog
2584 2509 79 37 tegen
2688 2512 47 28 het
2759 2511 190 30 ministerie-Ho-

2068 2550 117 26 henlohe.
2204 2543 46 27 Tot
2265 2543 48 24 vo«j}
2315 2550 33 21 iire
2348 2541 65 26 Jnige
2422 2536 104 43 £afjen,
2544 2543 60 31 zegt
2614 2539 56 30 liet
2685 2544 61 27 blad
2758 2565 4 8 ,
2779 2552 85 18 waren
2882 2543 40 32 wij
2933 2550 31 19 en

2068 2583 56 26 vele
2140 2578 90 28 andere
2245 2574 110 32 ge»%de
2372 2568 144 27 dagbladen
2541 2570 46 30 der
2602 2576 185 32 patriottische
2805 2575 76 34 partij
2908 2582 56 19 zeer

2068 2604 320 38 verzoenmgse?^>?ells
2426 2602 25 20 et
2477 2602 106 34 destijds
2611 2609 168 33 onvoltallige
2805 2607 157 27 ministerie-

2068 2627 302 46 Hohenlohe.^.Uisdaeu
2395 2631 148 33 verwacht,
2570 2637 45 28 dat
2641 2641 48 26 ook
2715 2642 31 25 de
2772 2640 117 27 minister
2913 2647 51 18 van

2067 2667 222 39 koophandel-,(l)i
2295 2673 52 28 beer
2368 2667 50 18 von
2435 2666 99 33 öchlor,
2562 2678 48 20 zou
2627 2674 105 26 worden
2747 2679 156 25 vervangen;
2922 2669 40 34 wij

2068 2711 99 27 stelden
2185 2706 35 27 dit
2236 2696 34 28 »Is
2277 2706 28 27 <_
2327 2695 78 28 ecTSte
2422 2700 174 31 v°orwaarde.
2616 2705 116 28 Hieraan
2756 2706 22 25 is
2803 2704 87 26 echter
2909 2702 54 26 niet

2067 2744 111 25 voldaan
2202 2741 26 20 en
2507 2738 155 31 verzoening
2680 2739 52 26 met
2748 2738 45 25 dat
2811 2734 150 26 ministerie.

2100 2777 52 25 Een
2170 2769 71 30 andor
2257 2767 65 37 V>
2337 2758 48 26 diei
2407 2759 92 33 partij.
2526 2764 30 27 de
2577 2759 109 40 Pfotter
2702 2771 70 32 Ztg.,
2792 2767 79 25 welke
2890 2774 58 18 vro.-

2068 2816 46 20 eer
2150 2804 26 28 fel
2303 2797 67 31 °01'
2374 2797 15 31 H
2391 2797 25 22 ''J
2443 2792 39 26 lri»
2498 2794 71 30 Heer
2589 2802 137 31 Hórmann,
2745 2798 45 30 het
2806 2798 155 26 ministerie*.

2068 2830 159 38 Tlie'.nli)le',
2237 2830 117 31 v'!!'f'l!liv"
2391 2824 48 22 lliu!
2622 2843 71 18 maar
2711 2842 32 17 na
2761 2832 30 25 de
2810 2830 74 26 kris's
2907 2830 56 28 zich

2068 2858 167 40 aanvankelijk
2254 2869 47 25 leer
2322 2857 156 26 veizoenend
2504 2859 48 30 had
2580 2865 112 26 betoond
2704 2888 4 4 .
2728 2867 70 25 heeft
2816 2862 46 27 and

2067 2906 11 25 l
2078 2907 38 25 lot
2139 2913 9 7 ■,
2298 2894 25 39 :-;.
2339 2893 25 40 f
2367 2889 14 34 h.
2385 2889 45 22 üdc
2456 2891 120 41 gehaald.
2594 2898 115 30 Moeilijk
2740 2904 46 18 zou
2806 2895 45 27 het
2872 2895 89 28 vallen

2067 2947 43 18 om
2138 2936 25 25 te
2190 2928 85 38 If-fai
2297 2917 24 28 oi
2333 2948 7 18 ,
2341 2916 45 25 h;jt
2402 2927 37 18 uu
2456 2922 46 27 het
2518 2928 143 30 ministerie
2679 2926 73 37 érger
2769 2927 122 26 bestookt
2910 2928 51 26 dan

2067 2972 107 22 Ti-oeaer
2189 2959 25 31 o',
2226 2960 59 28 °l««*
2288 2960 24 20 cC
2313 2957 19 37 Y
2333 2955 17 19 l,
2360 2980 6 7 .
2420 2982 18 12 

2100 3002 52 25 Ton
2167 2987 175 41 opz'elava'if
2360 2981 117 38 bonding
2493 2989 46 28 der
2556 2991 250 31 nationaal-liberale
2823 2993 77 31 partij
2913 3001 50 18 van

2067 3030 126 31 vooruitS»
2194 3026 71 30 11*»»
2276 3019 20 39 ,h
2322 3019 32 44 ,7
2355 3019 26 35 °}
2382 3019 83 27 ?ena«
2483 3026 103 27 wonden
2604 3020 194 40 medegedeeld:
2816 3024 31 31 zij
2864 3022 22 26 is
2909 3033 40 19 ver-

2068 3059 106 33 zoenend
2190 3059 119 33 T.^asPji
2322 3053 14 32 J,
2335 3053 39 18 Jel
2396 3053 89 39 Jpnste
2505 3064 117 22 nummer
2640 3067 47 18 van
2708 3058 44 24 het
2770 3056 191 33 hoofd-orgaan

2068 3100 52 24 d_
2140 3086 142 32 ii'ai't'.l^twe
2294 3078 14 25 k
2326 3078 26 25 te
2375 3078 129 43 Eriapgen
2523 3089 47 28 het
2589 3091 65 28 licht
2681 3091 58 26 ziet,
2764 3086 45 26 het
2842 3089 119 28 Wocher,

2067 3129 89 31 schrijt
2165 3120 40 25 d<r
2464 3123 58 30 zegt
2535 3124 126 32 duidelijk
2672 3128 104 28 genoeg,
2786 3118 44 27 dat
2842 3118 31 28 de
2889 3129 48 21 m_-

2067 3170 52 19 „en
2138 3158 40 26 der
2252 3150 79 39 wn/
2510 3156 31 26 de
2559 3158 129 32 pogingen
2707 3162 50 17 van
2783 3159 48 17 von
2850 3150 92 31 Hoben-

2080 3196 46 26 ohe
2141 3171 255 44 ffillaiö>rst.ennen,
2414 3180 89 31 mdien
2522 3188 35 34 hij
2561 3171 8 19 1
2577 3190 54 25 hun
2649 3185 94 28 slechts
2760 3183 31 26 de
2813 3183 71 27 hand
2901 3187 46 28 toe-

2067 3208 73 46 reik
2163 3208 248 40 De.tfrdeelvellnigen
2431 3219 60 24 over
2509 3217 51 32 den
2572 3222 117 27 «ienwen
2698 3215 117 30 minister
2832 3226 50 18 van
2900 3220 46 27 bin-

2067 3248 165 38 neJili'nllsc,i!;l
2232 3246 58 41 k,\
2327 3249 78 34 ,',
2434 3254 44 18 'ou
2498 3249 94 37 Braun,
2609 3262 31 18 en
2650 3259 59 18 over
2726 3249 47 25 den
2785 3250 117 26 minister
2910 3261 51 18 van

2070 3285 97 34 justitie-
2184 3280 53 32 t-oiis
2255 3278 80 22 belast
2354 3281 52 19 me«.
2426 3278 31 24 de
2476 3287 165 26 portefeuille
2657 3291 48 18 van
2734 3279 150 35 eeredienst,
2911 3285 50 27 den

2067 3327 60 24 lieer
2140 3313 99 30 voD.utz.
2257 3312 86 26 luiden
2361 3314 58 19 zeer
2434 3317 115 33 gunstig.
2575 3320 59 24 Men
2652 3314 89 27 erkent
2757 3314 27 24 te
2794 3314 165 35 gelijkertijd,

2068 3357 45 27 dat
2128 3350 20 27 '&
2169 3351 40 31 tS
2210 3351 22 27 e.
2331 3347 7 26 l
2341 3341 81 24 ,oSltllJ
2444 3348 15 17 v
2460 3352 32 20 ,'n
2512 3352 51 26 den
2580 3352 61 25 heer
2665 3354 48 18 von
2732 3345 143 28 Hohenlohi

2067 3378 181 39 moeffiJjb'sT
2263 3373 85 26 wordt
2367 3378 67 39 ,TOor
2459 3385 48 24 een
2535 3384 74 32 groot
2633 3378 116 33 gedeelte
2776 3381 183 33 veroorzaakt,

2067 3416 72 34 voeg'
2156 3407 13 38 l
2183 3407 57 28 b!'ld
2257 3413 26 18 er
2302 3407 40 32 bl-l'
2361 3407 63 25 door
2440 3407 15 24 d
2459 3418 13 18 °
2480 3412 129 30 lauwheid
2616 3411 79 27 onder
2705 3411 30 25 de
2746 3411 124 27 liberalen
2882 3416 61 25 heer-

2067 3443 91 50 scben«|
2289 3487 177 6 _______

2289 3487 21 5 ~
2375 3485 20 15 T
2421 3488 2 13 :
2524 3496 2 5 ■
2598 3493 50 6 ■—

2158 3510 123 27 .•sti-rking
2297 3510 45 21 der
2357 3510 72 20 vloot
2444 3514 51 26 van
2528 3516 48 25 den
2600 3510 261 32 Noord-Duitschen.
2875 3514 84 32 Bond,

2065 3550 8 33 J
2081 3543 70 40 •jiwWt
2163 3546 27 27 't»
2207 3544 86 25 KH«vb
2463 3543 73 31 dezer
2554 3547 80 30 dagen
2661 3543 124 31 bevolen,
2812 3544 46 27 dat
2875 3555 32 25 op
2927 3549 31 25 de

2154 3576 32 26 tot
2216 3573 40 22 het
2287 3574 89 27 leggen
2404 3573 123 31 der'_!_
2538 3576 146 28 onverwijld
2708 3578 38 26 zal
2765 3576 103 27 worden
2880 3587 61 19 over-

2226 3609 33 19 ier
2276 3604 91 32 groote
2386 3604 133 41 afiiusting'.
2548 3604 172 31 Het-nieuwe
2738 3607 162 30 ööriogscrap
2919 3612 39 18 <j

2065 3641 66 33 „orij,
2150 3635 138 32 gewapend
2309 3637 53 25 met
2382 3640 14 22 4
2413 3644 141 30 getrokken
2582 3641 30 21 10
2627 3638 84 26 duims
2733 3637 152 30 kanonnen,
2904 3645 35 17 we-

2132 3687 4 6 .
2154 3671 15 18 o
2187 3673 167 20 centena:;,:'..
2382 3678 31 20 en
2434 3679 15 24 3
2474 3670 141 38 getrokken
2631 3673 32 21 24
2681 3669 125 33 ponders,
2835 3670 124 31 wegendo

2150 3706 80 19 naars.
2267 3700 46 26 Dit
2330 3705 109 30 geschut
2457 3710 39 25 zal
2513 3702 129 38 geplaatst
2659 3700 104 26 worden
2787 3699 27 27 in
2829 3703 18 24 2
2874 3707 85 20 zwaar

2140 3730 48 25 ■rde
2209 3732 137 28 draaibare
2365 3738 87 30 torens
2496 3739 53 25 Aan
2575 3733 39 26 dit
2634 3733 122 31 vaartuig
2776 3733 39 24 zal
2835 3733 30 25 de
2881 3741 78 19 naam

2150 3762 52 33 'ing
2222 3763 124 32 Froderik
2368 3772 30 27 de
2548 3765 99 26 worden
2666 3772 122 25 gegeven.

2466 3798 156 37 vpantserdo
2641 3798 91 32 ijzeren
2750 3795 86 34 fregat
2848 3798 111 27 '/Groote

2059 3831 65 39 Kej?
2126 3827 72 37 1"B*'!'
2217 3837 119 26 waaraan
2355 3839 85 27 sedert
2457 3833 104 33 eenigen
2578 3830 47 32 tijd
2644 3837 31 25 op
2693 3828 124 27 diezelfde
2835 3833 65 24 werf
2916 3840 28 24 ge-

2378 3881 33 9 er
2430 3863 109 33 doenlijk
2557 3862 91 32 gereed
2666 3862 25 26 te
2709 3861 92 27 linken
2820 3870 31 19 en
2862 3863 48 27 ook
2920 3861 39 30 dit

2055 3911 38 20 s,.i,
2115 3900 24 28 ,"'
2141 3900 26 17 m
2194 3894 136 37 draaibare
2357 3906 86 22 torens
2469 3900 25 24 te
2509 3893 126 28 'voorzien.
2667 3895 37 25 De
2721 3895 171 34 bewapening
2909 3906 50 17 van

2145 3924 61 31 'dein
2226 3934 37 22 zal
2284 3941 30 20 nu
2470 3941 4 14 1
2492 3927 22 27 al
2536 3927 223 32 overeenkomstig
2779 3928 50 33 zijn
2848 3931 53 25 met
2919 3928 40 26 die

2052 3963 116 41 v_!Ri--7
2169 3966 79 38 roeBf
2248 3972 13 19 r
2277 3967 141 33 genoemde
2434 3961 78 32 schip.
2561 3992 13 4 ..

2075 3992 139 30 K-blijkens
2233 3994 136 34 belichten
2386 4000 38 25 uit
2440 3992 87 30 Baden
2544 4000 48 21 zijn
2609 4000 35 15 nu
2665 3992 102 26 bekend
2783 3993 177 33 gewordende

2067 4020 99 26 jiitieve
2187 4032 181 28 voorwaarden
2395 4030 100 28 waarop
2513 4024 30 25 de
2558 4022 139 35 speelbank
2707 4024 91 30 aldaar
2804 4026 44 26 zal
2856 4026 104 26 kunnen

2050 4052 73 38 yden
2153 4062 150 34 voortgezet
2330 4052 124 40 tot'lB73.
2489 4057 39 28 De
2555 4055 69 28 bank
2637 4055 104 31 betaalt
2757 4061 126 26 voortaan
2900 4065 59 19 eene

2049 4085 135 30 Mnksche
2205 4095 133 32 pachtsom
2355 4104 50 18 van
2420 4094 24 25 fl.
2463 4089 103 30 500,000
2582 4088 26 26 in
2627 4088 85 34 plaats
2731 4101 48 17 van
2797 4095 111 27 300,000,
2917 4097 28 22 ge-

2046 4117 20 24 k
2085 4117 40 26 tot
2141 4117 93 37 dusver
2252 4130 158 33 geschiedde.
2438 4122 96 27 Verder
2555 4122 69 24 moet
2641 4122 31 34 zij
2682 4123 135 35 bijdragen
2826 4130 60 20 voor
2896 4121 47 25 nut-

2044 4150 30 26 fce
2094 4153 102 30 werken
2213 4168 32 20 en
2262 4161 188 31 verfraaiingen
2470 4153 44 28 del'
2530 4152 58 28 stad
2608 4152 185 35 Daden,'meer
2802 4156 56 27 int
2867 4154 80 31 bijzon-

2044 4189 21 15 er
2085 4189 61 20 voor
2163 4186 46 30 het
2226 4196 93 25 maken
2337 4198 74 24 eener
2424 4183 185 35 waterleiding,
2621 4195 33 20 en
2661 4188 51 27 den
2719 4189 78 26 bouw
2804 4195 51 19 van
2862 4186 97 25 nieuwe

2044 4215 177 35 hmtenkassen
2239 4235 61 19 voor
2320 4230 63 24 twee
2400 4224 70 31 jaren
2487 4218 25 27 te
2531 4220 123 27 zaïnenfl.
2665 4225 112 28 200.000,
2792 4215 117 33 eindelijk
2922 4215 38 25 als

2044 4248 93 32 .mirage
2157 4261 61 19 voor
2235 4260 31 25 de
2284 4253 217 33 instandhouding
2513 4259 48 17 van
2572 4251 44 27 het
2627 4256 104 25 theater
2740 4251 115 38 jaarlijks
2863 4250 24 24 11.
2896 4252 65 21 8000

2043 4286 17 27 L.»
2079 4280 84 31 plaats
2180 4294 51 22 van
2248 4294 65 25 4000
2346 4286 77 37 gelijk
2448 4284 40 24 tot
2505 4281 112 34 dusver.)
2652 4286 72 27 Door
2737 4281 48 31 'het
2802 4281 91 26 sluiten
2911 4287 47 17 van

2044 4311 18 24 rt
2080 4319 98 26 nieuwe
2198 4320 126 32 kontrakf
2339 4320 38 30 zal
2395 4326 32 25 op
2444 4317 45 25 het
2503 4315 73 27 einde
2588 4326 50 19 van
2649 4323 69 28 1872,
2727 4320 116 25 wanneer
2852 4312 30 26 «Ie
2891 4311 69 26 bank

2044 4346 17 19 al
2081 4346 133 37 ophouden
2235 4358 25 25 te
2281 4357 26 26 be
2474 4349 174 31 reservefonds
2667 4361 51 17 van
2733 4352 124 27 ongeveer
2875 4348 6 21 1
2903 4346 44 22 mil-

2044 4382 46 20 wen
2108 4378 87 34 thaler
2212 4388 116 33 aanweig
2346 4385 56 32 zijn.
2428 4377 44 30 Üit
2490 4378 39 26 dit
2538 4384 184 28 reservefonds,
2733 4378 137 31 verkregen
2881 4383 32 18 na
2924 4376 25 25 af-

2044 4410 37 22 i'ek
2099 4419 51 21 van
2169 4421 50 22 ait,
2232 4431 31 15 on
2270 4414 158 32 kosten'voor
2438 4413 30 25 de
2477 4417 139 26 genoemde
2627 4419 110 25 werken,
2746 4413 81 27 zullen
2838 4410 122 24 voortaan

2044 4440 28 24 Ue
2093 4443 193 40 Uitbreidingen
2302 4460 31 20 en
2352 4443 191 32 verfraaiingen
2561 4447 46 26 der
2623 4450 56 25 stad
2700 4440 244 34 Baden-Badenwot-

2044 4481 9 27 :'
2061 4481 15 17 u
2095 4475 155 37 !"'kosti«'d°
2268 4487 32 25 In
2316 4483 30 26 de
2362 4485 118 22 memorie
2498 4485 50 19 van
2564 4481 169 31 toelichting,
2751 4478 59 25 «looi'
2828 4480 30 17 <'"
2875 4479 72 24 regee-

2044 4512 40 27 mg
2112 4519 47 22 aan
2189 4517 46 27 het
2258 4515 177 27 wetsontwerp
2460 4509 41 25 tot
2526 4515 178 30 voortzetting
2721 4513 43 22 der
2780 4507 67 25 bank
2868 4507 45 28 (tol
2934 4513 26 15 111

2044 4539 57 34 87'-J)
2119 4545 168 35 toegevoegd,
2307 4545 79 30 wordt
2404 4540 103 35 gezegd,
2525 4541 46 30 dat
2589 4544 45 31 het
2652 4537 191 44 gqeYcrnement
2859 4543 27 19 er
2896 4541 64 26 geen

2044 4578 99 27 «zwaar
2161 4583 24 24 in
2205 4585 48 24 za<>
2287 4589 54 20 om,
2359 4586 32 15 nu
2411 4576 28 24 de
2457 4573 104 28 banken
2578 4578 25 26 in
2623 4569 268 38 Noord-Duits«dilaiid
2909 4570 53 24 niet

2044 4600 100 37 lokslao
2170 4615 94 26 twaalf
2285 4620 47 19 van
2353 4610 48 24 d.-n
2418 4606 90 32 Sisten
2526 4607 142 28 December
2689 4611 56 25 1871
2765 4602 83 28 zullen
2865 4600 84 35 ophoi,-

2044 4645 30 19 en
2092 4641 28 31 to
2135 4646 107 30 bestaan
2269 4645 30 27 de
2320 4638 137 37 speelbank
2474 4639 26 26 té
2518 4639 89 30 Baden
2627 4643 48 26 ook
2691 4642 43 25 tot
2751 4645 32 25 op
2799 4633 45 26 dat
2861 4633 102 32 tijdstip

2044 4677 7 17 e
2070 4672 71 32 laten
2157 4678 89 32 leven',
2261 4676 87 28 tevens
2365 4671 185 32 uitdrukkelijk
2568 4674 176 27 verklarende,
2760 4671 24 25 in
2802 4672 65 26 geen
2884 4665 74 30 geval

2044 4711 43 18 '-11''
2121 4713 175 30 voortzetting
2321 4716 32 17 na
2379 4704 57 25 dien
2463 4703 12 24 «1
2480 4706 72 26 atuui
2574 4709 26 24 te
2616 4706 84 27 zullen
2717 4703 137 34 gedoogen.
2877 4701 86 28 «enilijk

2102 4747 66 24 Wet,
2186 4746 71 25 heeft,
2276 4742 31 26 «Ie
2324 4737 119 34 pachter,
2463 4736 30 26 de
2518 4737 63 28 heer
2600 4737 150 35 Duprenoir.
2770 4740 26 19 er
2812 4733 71 22 reeds
2900 4736 64 19 voor

2044 4776 93 25 e'Zoi',,-,1
2167 4778 44 25 dat
2229 4776 34 27 hij
2281 4773 50 31 zijn
2347 4769 67 26 werk
2433 4768 50 25 kan
2502 4774 170 24 voortzetten,
2691 4769 77 26 nadat
2784 4770 63 24 zijne
2864 4766 98 22 taakte

2044 4800 73 34 laden
2134 4832 21 4 _
2172 4809 171 32 afgesponnen
2360 4809 31 25 ep
2398 4798 73 30 heeft
2478 4798 37 35 hij
2528 4805 72 25 reeds
2609 4814 45 17 een
2665 4799 128 31 koncessie
2802 4801 46 18 van
2859 4793 48 24 den
2919 4801 31 18 on-

2044 4833 126 43 lerkoning
2189 4841 47 26 vin
2246 4837 97 38 Egypte
2353 4834 43 25 tot
2401 4832 154 37 nprichting
2564 4845 74 19 eener
2648 4830 314 47 m^»^^^^?'

2061 4884 32 6 —
2111 4873 59 27 Men
2190 4872 74 28 meld!
2287 4870 38 26 uit
2341 4864 149 32 Karisruhe,
2509 4867 46 26 «lat
2572 4870 30 26 de
2620 4870 98 25 nieuwe
2738 4861 53 27 wet
2804 4860 158 25 betrettende

2044 4899 15 27 Ie
2246 4911 47 18 van
2316 4900 45 26 het
2382 4898 141 33 burgerlijk
2543 4897 139 39 huwelijk,
2699 4893 103 30 waarbij
2819 4890 38 24 dit
2874 4890 90 25 tevens

2044 4929 175 44 «rplichtonT
2233 4932 81 30 wordt
2339 4916 116 50 gestekf,
2470 4926 57 35 nfet
2552 4936 53 25 met
2627 4935 47 25 den

2044 4976 58 20 naar
2120 4972 53 26 met
2193 4970 47 28 den
2261 4965 70 28 fston
2347 4961 86 31 Maart
2451 4972 24 17 a.
2492 4972 18 19 s.
2530 4965 26 26 in
2575 4967 116 28 werking
2705 4961 84 26 treedt
2822 4961 67 18 neze
2909 4961 44 26 \\ij-

2146 5004 25 25 in
2199 5003 30 25 de
2255 4995 215 33 oorspronkelijke
2496 4998 124 32 bepaling
2636 5000 21 25 is
2673 4996 45 26 het
2738 4993 91 32 gevolg
2845 4993 50 19 van
2914 4996 51 17 uen

2044 5034 94 30 'rooien
2158 5039 110 25 omvang
2284 5030 44 24 der
2346 5027 190 34 maatregelen,
2557 5033 89 25 welke,
2662 5028 26 26 in
2706 5024 112 26 verband
2835 5024 52 18 mci
2906 5024 45 39 yer-

2044 5068 112 34 innering
2174 5067 25 27 in
2219 5065 30 25 de
2268 5056 197 46 wetgeving^'
2479 5062 37 26 dit
2528 5066 72 31 punt,
2608 5062 100 27 nioeten
2718 5057 120 31 genomen
2849 5052 115 25 worden.

2065 5115 31 5 -
2117 5098 46 31 Uit
2187 5095 149 30 Oldenburg
2362 5093 81 25 wordt
2469 5092 118 38 bericht,
2606 5096 45 26 dat
2670 5099 30 26 op
2718 5089 46 25 den
2783 5083 87 28 JSeten
2870 5083 44 33 JL
2933 5083 32 27 de

2044 5128 113 33 Landdacr
2176 5139 47 18 van
2242 5127 44 27 Bet
2303 5125 231 35 groothertogdom
2551 5128 26 27 in
2596 5114 351 50 genoemde'b<*s?fJ*J*-

2044 5154 70 43 ipTnd
2148 5164 40 32 Hij
2209 5163 19 24 is
2245 5159 211 32 bijeengeroepen
2476 5167 40 20 om
2533 5161 26 26 to
2578 5157 181 32 beraadslagen
2776 5148 53 26 dvei
2852 5147 30 24 «Ie
2894 5156 71 24 inge-

2044 5172 79 53 Sé
2143 5191 151 38 begrooting
2309 5197 60 20 over
2385 5185 115 40 dejaren
2515 5187 162 34 iB7O-lfe72.
2695 5178 269 57 *T^»

2044 5229 14 27 in
2079 5230 99 33 Europa
2194 5226 30 25 de
2241 5223 203 30 belangstelling
2463 5249 22 4 _
2505 5226 30 26 de
2555 5225 50 35 pub
2616 5223 54 27 ieke
2687 5213 61 32 zaak
2769 5213 21 22 1,
2825 5220 4 13 .
2851 5252 6 6 _
2875 5212 76 26 be«ol-

2044 5262 51 33 dng
2122 5264 57 24 toe,
2197 5256 84 27 wordt
2306 5255 45 26 het
2372 5258 89 25 aantal
2477 5252 278 38 vertegenwoordigen
2771 5244 40 24 dei
2832 5244 70 25 imtie
2920 5246 45 26 ten

2044 5294 97 31 «volge
2167 5290 112 27 daarvan
2306 5288 100 33 allengs
2424 5291 111 33 grooter;
2554 5291 25 25 in
2598 5283 145 30 oldenburg
2761 5275 60 31 gut
2839 5283 58 18 men
2916 5278 48 26 den

2044 5303 262 54 feSvergestelden
2324 5328 56 24 weg
2398 5330 33 17 on
2477 5323 35 27 Do
2531 5323 96 28 nieuwe
2644 5317 92 25 Kamer
2753 5308 48 24 telt
2820 5307 97 28 slechts
2934 5315 32 22 32

2044 5348 275 39 «Stegenwoordigers,
2339 5335 93 54 terwijl
2451 5363 107 26 vroeger
2574 5356 32 24 50
2623 5348 71 28 leden
2712 5348 25 19 m
2757 5339 30 25 de
2803 5337 97 30 Kamer
2917 5344 35 25 zit-

2044 5392 60 57 tÜge
2131 5417 117 37 opkomst
2272 5415 46 26 der
2342 5417 74 28 leden
2445 5428 47 18 van
2517 5420 31 25 de
2565 5415 93 26 Kamer
2673 5401 135 54 *£__*«&
2810 5411 52 19 ™
2876 5401 90 54 fwja

2044 5448 248 32 eneiv.'hilligheid.
2313 5453 69 22 want
2398 5460 46 19 een
2463 5452 74 33 vijfde
2555 5441 111 40 g^tc
2665 5469 22 21 Hp
2688 5444 81 46 Teer
2780 5435 119 54 tZ^
2920 5448 46 41 !«_

2044 5487 46 32 ting
2108 5483 136 31 aanwezig.
2271 5481 53 25 Het
2342 5485 90 25 oudste
2452 5485 37 25 lid
2506 5491 47 15 van
2568 5481 79 30 jaren,
2665 5470 30 24 de
2746 5479 9 12 •-
2796 5469 102 33 'Übben,
2907 5480 59 20 nam

2044 5520 31 24 hei
2099 5513 220 34 voorzitterschap
2339 5525 77 19 waar.
2444 5519 26 25 In
2489 5516 46 31 zijn
2554 5500 347 54 t.O^P^Vvoorzlt^f?!
2919 5506 47 48 Sfc

2044 5550 91 26 houden
2153 5548 33 31 bij
2206 5546 28 26 de
2254 5548 111 38 opening
2385 5551 45 25 der
2446 5533 428 52 zitting,»!aak\»V™W^lf?
2911 5546 54 39 "'ï*

2044 5591 40 17 van
2101 5588 59 18 eene
2178 5578 56 27 niet
2251 5582 138 33 onaardige
2407 5572 222 44 spraakwentog,
2672 5568 46 27 I•''
2746 5577 11 11 -
2797 5565 31 25 d-
2836 5571 115 25 verwach-

2044 5620 48 21 _«*
2112 5613 37 25 uit
2176 5611 45 26 dat
2239 5611 30 26 de
2287 5614 190 27 vermmdenns:
2493 5616 47 19 van
2556 5601 45 30 het
2617 5598 131 32 personeel
2757 5598 40 24 dei
2816 5598 94 27 Kamer
2921 5610 45 15 zou

2163 5621 157 59 opgewpgln
2346 5624 61 50 dZ
2433 5636 43 35 dP
2487 5628 184 39 vermeerderde
2700 5628 206 31 werkzaamheid
2923 5634 43 24 der

2156 5709 46 26 het
2220 5712 102 34 overige
2340 5713 91 25 schee,
2450 5709 37 25 die
2578 5686 230 66 «tS^oder
2816 5702 71 50 '_*
2904 5694 61 58 _2_

2044 5744 38 25 der
2108 5743 171 34 vergadering
2306 5747 26 22 te
2354 5745 122 25 trekken,
2492 5730 69 31 want
2576 5732 27 19 tr
2620 5728 69 20 wed
2714 5728 89 31 wpna
2833 5728 53 25 met
2903 5733 63 27 geen

2044 5776 67 26 enkel
2131 5776 87 27 woord
2236 5785 50 18 van
2304 5778 98 33 gerept.

2333 5852 381 35 Zwitserland.

2072 5939 39 26 De
2130 5939 125 27 Keulsche
2276 5936 115 28 Courant
2406 5924 67 30 deel*
2490 5919 39 25 uit
2545 5917 66 24 Pen,
2630 5917 31 21 de
2680 5917 126 27 volgende
2815 5917 138 30 korrespon-

2043 5973 66 26 detie
2127 5972 85 26 mede:
2406 5989 43 24 ,Pit
2465 5983 44 26 het
2532 5981 126 25 luzerner
2679 5978 116 31 Tagblntt
2807 5986 45 19 ons
2861 5979 100 34 brengt

2075 6004 126 33 ,/Volgens
2218 6011 47 19 een
2281 6000 109 28 bericht,
2389 6000 47 20 .o*
2595 6011 76 26 Borol
2696 6017 40 18 om
2751 6009 50 27 den
2817 6012 76 30 Bond

2043 6037 87 27 berust
2148 6035 30 27 de
2196 6035 78 27 motie
2291 6040 48 20 van
2357 6032 46 22 den
2499 6044 30 27 de
2557 6045 33 32 ün
2593 6044 67 27 b_k
2669 6041 142 32 inderdaad

2043 6071 51 24 niet
2104 6069 45 26 het
2159 6067 139 28 onderzoek
2309 6063 87 27 te-Küi
2470 6085 54 18 vool
2524 6063 35 39 4
2563 6079 87 25 cstaan
2661 6084 31 24 op
2701 6076 31 25 de
2743 6079 126 38 volgende
2880 6085 81 30 feiten

2043 6110 25 18 m
2085 6096 301 31 vei-sculhmdekantons
2538 6107 69 30 werf
2627 6107 135 28 besclmWi
2781 6102 20 37 J

2043 6126 365 69 A^dStWUtp
2424 6152 32 43 f
2456 6142 99 43 PW'
2584 6142 43 44 P
2644 6120 154 53 verklap
2825 6150 45 28 dat
2888 6154 15 26 h

2043 6169 117 56 fflen
2176 6193 162 32 voorwerpen
2357 6180 50 34 («e
2412 6169 41 56 je
2469 6169 146 39 beklaagde
2622 6174 59 27 wist
2691 6172 45 28 dat
2746 6182 118 30 gestolen
2874 6190 97 28 waren)

2043 6206 133 48 l«vónden
2193 6227 58 27 _4
2267 6202 71 48 «U
2353 6206 145 39 opzettelijk
2516 6204 31 27 de
2564 6208 93 25 vondst
2667 6207 76 28 wilde
2750 6215 221 37 verheimelijken-,

2043 6239 48 48 fva\
2108 6239 150 48 bokênteüïs
2281 6253 48 25 van
2346 6239 115 39 gestolen
2478 6237 67 33 goed
2557 6239 226 39 wederrechtelijk
2800 6257 63 20 voor
2882 6239 90 39 zfcbtê

2043 6295 100 24 hebben
2327 6272 144 32 Bovendien
2487 6278 52 18 was
2556 6270 64 26 door
2636 6273 217 37 onderscheidene
2871 6283 100 30 aamvij-

2043 6296 118 56 Sl
2163 6298 306 53 gdHeStolvodoend'!
2666 6308 83 31 «mdc
2773 6314 47 28 het
2844 6296 113 56 gerechti-

2063 6337 58 50 gd
2139 6369 6 14 ,
2205 6346 111 34 Uugta
2454 6335 32 25 k''
2487 6367 20 19 n
2506 6335 84 43 ïl'rde,
2598 6346 15 35 >!
2799 6339 99 43 heften
2910 6348 46 24 kun-

2063 6402 31 18 cn
2112 6363 31 56 in
2160 6386 97 28 noeleo
2275 6369 175 33 veroordeel..'..
2485 6367 38 25 De
2541 6369 104 31 rechter
2663 6376 76 31 wilde
2757 6383 90 26 echter
2855 6381 47 26 ook
2913 6381 58 20 eene

2073 6426 37 22 ■ke
2121 6398 73 50 .te.L
2218 6415 41 25 der
2284 6415 32 34 ';>'
2319 6402 87 47 sd;,ad,
2422 6407 39 19 val
2498 6399 50 28 den
2789 6416 126 33 afpersen,
2940 6412 31 18 en

2046 6448 202 35 __daartoe
2285 6439 47 22 den
2367 6432 142 51 genden
2543 6443 57 27 Weg
2633 6441 44 30 j_.
2705 6436 25 37 F
2730 6457 32 17 m
2791 6452 21 20 2(
2813 6428 9 45 j
2848 6443 58 26 Okt.
2931 6436 39 24 tot

2062 6494 15 21 o
2094 6488 63 26 Kma
2176 6474 79 32 «oi'd*
2272 6469 30 28 &>
2322 6459 182 58 beschuldigde
2523 6474 32 28 op
2572 6472 83 32 water
2681 6487 31 19 en
2731 6480 79 26 brood
2835 6470 78 43 geset.
2939 6480 32 5 -

2062 6495 61 50 'eene
2148 6508 152 31 bekentcms.
2327 6513 31 5 -
2376 6498 54 25 Den
2451 6501 9 21 1
2464 6498 66 27 Oden
2549 6501 65 33 NoV.
2631 6513 85 26 nieuw
2734 6513 107 26 verhoor
2858 6510 47 18 van
2923 6498 47 24 den

2050 6541 189 35 neschuldisde;
2263 6531 35 39 M
2316 6539 45 31 Wo,
2357 6530 41 24 T(it
2417 6537 58 32 eln?
2477 6531 18 25 h
2500 6541 15 24 S
2533 6544 184 28 aangemaand,
2737 6544 64 33 zijne
2816 6530 111 47 m*^
2946 6531 25 25 <e

2046 6557 190 53 hekeinen>o
2245 6565 53 27 niet
2306 6561 91 28 -dan
2405 6563 99 28 zouden
2520 6570 96 32 andere
2624 6570 174 35 maatregelen
2807 6565 102 30 wo.'deg
2926 6570 31 25 ge-

2047 6588 90 54 noS
2161 6619 30 7 -
2215 6605 78 28 geene
2320 6595 157 27 bekentenis.
2503 6617 31 6 _
2552 6606 57 30 Den
2628 6611 94 25 be3chu
2725 6599 83 38 fdig,le
2824 6596 102 26 worden
2943 6596 31 27 de

2047 6639 204 40 duimschroef
2267 6628 124 31 aangezet
2409 6639 130 26 -geene
2556 6638 157 31 bekentenis.
2738 6639 37 24 De
2794 6630 180 33 beschuldigde

2047 6676 83 27 wordt
2153 6677 31 25 op
2209 6663 30 27 de
2263 6658 65 28 oude
2352 6665 107 30 manier,
2472 6672 184 35 ppgeheachen
2673 6687 31 6 -
2719 6671 35 31 hy
2772 6663 94 27 bekent
2893 6660 81 28 weder

2046 6707 61 28 niet.
2131 6702 38 26 D«
2194 6689 183 34 baichuldigdo
2404 6694 80 37 krijgt
2511 6694 15 34 Ï
2528 6712 26 19 M
2575 6706 89 33 slagen
2681 6700 53 30 nw*
2750 6703 59 22 »«u«
2826 6693 84 27 rottitt
2910 6702 18 26 *
2944 6707 30 7 ~

3014 1297 18 25 h
3033 1304 17 25 VI
3066 1297 91 32 begint
3174 1298 27 25 to
3217 1297 96 33 klagen
3328 1305 32 19 en
3378 1299 26 25 te
3420 1298 115 33 kermen,
3552 1310 73 19 maar
3638 1304 141 32 verklaart,
3789 1304 45 27 dat
3843 1305 35 33 hij
3888 1305 67 26 niets

3014 1329 91 26 anders
3120 1329 53 26 kan
3189 1337 112 26 zeggen,
3320 1330 52 27 dan
3387 1330 113 39 hetgeen
3515 1332 37 34 hij
3569 1335 73 27 reeds
3652 1337 98 33 gezegd
3757 1337 78 26 heeft.
3850 1337 105 34 Daarop

3014 1362 129 32 ontvangt
3167 1362 35 34 hij
3228 1369 67 20 weer
3324 1371 46 18 een
3386 1363 69 27 dosis
3471 1372 51 20 van
3542 1375 41 19 zes
3600 1368 157 37 stokslagen.
3784 1383 31 5 —
3850 1369 33 27 „1
3900 1369 56 27 laat

3013 1401 34 25 gij
3058 1394 43 32 mij
3118 1394 50 26 ook
3185 1393 193 34 doodranBeien,
3396 1396 125 34 mijnheer
3539 1398 30 27 de
3587 1401 110 31 rechter,
3711 1402 27 26 ik
3749 1402 50 26 heb
3809 1402 66 26 niets
3885 1409 70 20 meer

3013 1426 26 25 te
3196 1441 31 5 —
3244 1428 38 26 De
3300 1428 144 37 beklaagde
3463 1430 83 27 wordt
3565 1431 97 38 daarop
3678 1434 85 27 weder
3781 1434 172 33 nein-gelaten,

3014 1459 149 27 andermaal
3181 1461 99 34 ernstig
3296 1462 146 31 vermaand,
3459 1472 73 21 maar
3548 1463 37 35 hij
3602 1461 123 31 volhardt
3743 1465 34 34 bij
3796 1467 65 31 zijne
3880 1474 58 19 vroe-

3013 1499 60 26 gere
3090 1491 158 28 bekentenis.
3282 1493 43 34 Hij
3346 1494 84 26 wordt
3446 1495 84 27 weder
3548 1505 32 26 op
3595 1499 83 25 water
3693 1506 32 18 en
3743 1498 79 26 brood
3839 1500 81 32 gezet.

3046 1524 39 28 De
3087 1557 5 6 _
3103 1526 73 26 A'eue
3193 1526 125 27 Züricher
3333 1527 107 33 Zeitung
3457 1527 70 28 deelt
3542 1530 91 27 verder
3650 1530 80 31 mede,
3748 1530 45 27 dat
3809 1531 32 27 de
3850 1531 103 27 rechter

3013 1557 57 27 niet
3085 1557 22 27 is
3124 1566 46 19 een
3189 1559 50 26 oud
3255 1566 69 22 man,
3341 1561 53 25 met
3411 1560 61 26 hart
3493 1570 31 18 en
3541 1561 50 26 ziel
3609 1563 143 26 verknocht
3770 1571 50 18 aan
3830 1563 46 27 het
3887 1563 65 27 oude

3014 1589 257 35 pijnigings-stelsel;
3288 1591 172 34 integendeel,
3476 1592 22 26 is
3515 1593 35 35 hij
3568 1603 47 18 een
3628 1593 66 35 jong
3710 1596 112 30 mensch,
3835 1594 40 27 die
3887 1596 50 26 wei-

3013 1622 61 33 nige
3086 1623 77 32 jaren
3180 1624 109 32 geleden
3307 1632 48 18 van
3374 1625 31 25 de
3425 1625 175 33 hoogeschool
3617 1628 39 25 als
3667 1628 97 25 Doctor
3776 1630 70 28 juris
3856 1631 83 21 utrnts-

3013 1663 56 28 que.
3089 1663 31 18 en
3137 1657 52 24 met
3208 1655 28 28 de
3255 1656 168 27 kwalilikatie
3439 1665 105 18 summa
3561 1667 59 17 cum
3637 1661 78 24 laude
3730 1658 27 26 in
3775 1658 31 26 de
3822 1658 58 26 stad
3896 1659 56 33 Zug

3013 1695 21 15 is
3059 1688 202 31 teruggekeerd;
3291 1688 198 34 waarschijnlijk
3508 1690 69 25 werd
3598 1690 35 32 hij
3660 1690 99 26 hierom
3787 1691 45 31 (hij
3849 1701 53 17 was
3920 1691 31 26 de

3013 1716 87 35 eenige
3115 1721 70 28 juris
3202 1722 87 22 doctor
3307 1719 26 27 in
3351 1721 45 25 het
3412 1715 110 37 kanton)
3541 1729 45 18 zoo
3604 1722 106 33 spoedig
3723 1723 40 25 tot
3781 1719 103 30 reeliter
3900 1731 50 17 van

3013 1748 137 27 instruktie
3171 1749 131 27 benoemd.

3045 1782 56 24 Ook
3117 1782 139 32 Appenzell
3276 1783 78 22 inner
3372 1783 107 24 Rhoden
3498 1785 72 24 heeft
3587 1785 109 33 onlangs
3712 1793 46 17 een
3768 1785 180 34 eigenaardige

3011 1811 115 35 bijdrage
3151 1811 119 35 geleverd
3292 1813 41 26 tot
3348 1814 31 25 de
3397 1815 176 28 geschiedenis
3589 1817 45 22 der
3657 1817 164 26 zwitsersche
3839 1819 93 26 bescha-

3011 1843 67 30 ving.
3109 1844 34 24 De
3150 1845 138 32 regeering
3296 1845 51 26 had
3366 1844 63 28 daar
3448 1843 198 35 gedékretèerd:
3666 1845 103 35 Tijdens
3788 1848 44 28 het
3852 1851 96 32 heilige

3008 1872 109 27 koncilie
3146 1874 48 32 zijn
3221 1873 48 28 alle
3299 1873 94 34 (ijdele!
3413 1877 137 26 vermaken
3567 1886 32 17 en
3618 1874 176 39 dar_partrjen
3810 1883 136 24 verboden.

3009 1905 85 34 Tegen
3112 1905 39 26 dit
3168 1906 103 25 dekreet
3289 1904 141 30 toekenden
3449 1907 24 24 al
3491 1909 31 25 de
3541 1910 139 33 kerkelijke
3700 1911 129 27 dienaren,
3843 1912 89 27 banier-

3009 1937 104 37 dragers
3131 1949 32 17 en
3183 1939 184 34 zoogenaamde
3385 1942 247 30 Johannisknaben,
3643 1942 40 26 die
3704 1943 26 26 in
3748 1943 48 26 den
3815 1944 130 33 Kersttijd

3009 1974 50 24 den
3078 1981 128 25 voorrang
3224 1974 119 32 genieten
3364 1974 34 31 bij
3417 1974 183 33 danspartijen,
3620 1975 99 33 protest
3738 1984 57 21 aan,
3814 1976 79 26 onder
3900 1977 31 25 be-

3009 2004 119 34 dreiging
3146 2006 53 26 hun
3217 2004 70 27 werk
3306 2006 91 26 anders
3412 2006 26 25 te
3457 2006 84 26 zullen
3553 2006 99 27 staken.
3671 2008 144 27 Voorzeker
3823 2009 31 25 de
3865 2009 67 25 aller-

3008 2037 123 25 nieuwste
3148 2040 96 22 strike!
3261 2035 61 30 Wat
3332 2039 50 24 kon
3399 2037 31 25 de
3441 2040 105 30 pastoor
3562 2037 65 27 doen
3637 2040 13 25 ?
3672 2041 39 26 De
3728 2041 204 33 godsdienstoefe-

3007 2069 65 33 ning
3096 2070 83 25 moest
3202 2067 145 37 gedurende
3373 2069 31 26 de
3430 2069 151 37 feestdagen
3600 2072 103 28 worden
3720 2063 112 45 gevierd,
3850 2081 31 19 en
3900 2073 46 27 het

3008 2102 96 25 dansen
3122 2101 69 26 werd
3209 2102 104 25 daarom
3332 2104 161 32 toegestaan,
3511 2105 117 27 ondanks
3646 2106 45 26 het
3704 2107 242 33 goevernementaal

3007 2133 104 26 verbod.

3396 2206 164 41 Italie.

3038 2268 46 26 Lit
3112 2268 97 33 Napels
3224 2268 85 28 wordt
3326 2269 117 34 gemeld,
3477 2269 46 31 dat
3556 2271 47 28 het
3637 2272 92 28 zuiden
3745 2274 86 28 sedert
3857 2274 85 35 eenige

3006 2297 83 34 dagen
3112 2298 200 44 onophoudelijk
3338 2309 51 19 van
3422 2303 191 33 aardbevingen
3641 2306 26 26 te
3693 2306 78 35 lijden
3795 2307 79 27 heeft.
3907 2309 35 26 De

3006 2330 84 27 schrik
3106 2330 22 27 is
3145 2330 141 35 algemeen,
3305 2341 31 20 en
3352 2334 137 37 allerwege
3502 2336 124 28 vluchten
3646 2337 28 27 de
3685 2337 128 28 inwoners
3828 2347 64 19 voor
3900 2339 43 28 het

3006 2362 136 33 dreigende
3162 2373 102 22 gevaar.

3317 2435 292 46 Frankrijk.

3034 2498 39 27 De
3090 2499 183 31 miniBterieele
3291 2502 77 28 krisis
3385 2504 79 26 duurt
3481 2511 52 26 nog
3550 2504 85 28 steeds
3652 2506 74 26 voort
3744 2515 31 19 en
3794 2506 43 26 tot
3853 2507 90 34 groote

3002 2531 196 37 verwondering
3216 2542 50 20 van
3282 2535 46 28 het
3348 2533 105 37 publiek
3470 2537 73 27 heeft
3560 2537 46 28 hot
3621 2537 117 27 Jownal
3746 2541 93 31 officiel
3850 2538 32 28 de
3896 2546 31 19 na-

3001 2570 59 19 men
3078 2564 45 26 der
3139 2565 98 27 nieuwe
3255 2568 131 27 ministers
3402 2570 67 26 noch
3485 2570 53 26 niet
3556 2570 190 32 medegedeeld.
3782 2570 156 27 Intusschen

3001 2602 22 19 is
3041 2595 45 27 het
3106 2596 76 28 zeker
3191 2598 46 26 dat
3246 2600 31 28 de
3288 2601 93 27 heeren
3391 2601 102 34 Magne,
3503 2595 125 33 admiraaï
3641 2602 109 33 Rigault
3759 2602 31 27 de
3802 2602 141 34 Genouilly

3002 2635 32 19 en
3069 2631 123 30 generaal
3224 2630 24 27 Ie
3276 2633 97 31 Boeuf,
3399 2633 40 26 die
3474 2634 26 25 in
3526 2634 46 26 het
3596 2634 269 28 ministerie-Forcade
3892 2635 38 26 zit-

3001 2660 59 33 ting
3077 2662 110 31 hadden,
3206 2663 85 27 hunne
3309 2666 176 32 portefeuilles
3506 2666 84 26 zullen
3607 2666 136 27 behouden
3759 2667 27 26 in
3804 2667 45 26 het
3866 2667 61 26 mini-

3002 2692 207 31 sterie-Ollivier.
3243 2695 39 27 De
3307 2696 46 34 paf
3356 2696 78 34 ijsche
3457 2698 204 34 korrespondent
3674 2706 53 19 van
3745 2698 48 27 den
3815 2700 74 33 Daitg
3900 2700 28 26 Te-

3002 2728 123 30 legroph,
3144 2727 39 26 die
3202 2730 85 25 steeds
3302 2738 58 18 zeer
3376 2730 66 31 goed
3459 2730 21 25 is
3498 2730 132 32 ingelicht,
3648 2731 169 33 telegrafeert
3834 2732 46 26 dat
3896 2732 31 27 be-

3001 2757 76 27 halve
3094 2759 60 26 deze
3172 2760 54 26 drie
3246 2761 102 27 heeren,
3366 2760 40 26 die
3417 2761 30 26 de
3457 2763 176 30 portefeuilles
3641 2771 51 18 van
3700 2764 132 26 finantiën.
3844 2765 96 25 marine

3002 2798 31 17 en
3051 2791 90 33 oorlog
3158 2793 83 25 zullen
3253 2787 142 37 behouden,
3413 2793 30 26 de
3457 2794 61 25 heer
3528 2794 107 26 Ollivier
3647 2796 117 26 minister
3774 2804 48 17 van
3834 2797 92 26 binnon-

3001 2822 123 27 l.indsche
3133 2825 79 25 zaken
3223 2826 122 24 wor.ltide
3356 2826 582 27 heerdelaGuéromiièrevanbuiteiilandsche

3001 2855 98 28 zaken-,
3124 2856 31 27 de
3180 2857 61 26 heer
3267 2857 149 34 Bonrgean,
3433 2865 50 18 van
3500 2858 150 33 onderwijs;
3669 2858 30 28 de
3719 2859 59 25 heer
3800 2859 91 34 Dupuy
3909 2859 30 28 de

3107 2910 2 4 .
3129 2897 48 18 van
3197 2890 125 32 openbare
3335 2890 98 25 «verken
3446 2897 30 19 en
3485 2890 46 26 dat
3541 2891 30 24 de
3582 2891 163 26 heerParieu
3755 2893 117 26 minister
3882 2902 44 18 zon-

3002 2919 44 26 du-
3066 2922 162 34 portefeuille
3249 2923 87 25 wordt.
3356 2922 91 26 Indien
3463 2922 60 26 deze
3533 2923 52 31 lijst
3596 2924 30 24 ,1e
3637 2933 65 17 ware
3718 2934 91 17 namen
3828 2926 110 31 oftgeeft,

3002 2952 20 24 is
3048 2954 31 31 zij
3106 2961 57 19 zeer
3189 2954 94 33 weinig
3305 2954 124 26 belovend
3441 2974 5 8 ,
3465 2956 70 24 want
3553 2963 63 24 geen
3635 2956 45 26 der
3697 2948 227 41 gematigd-libera-

3002 2983 40 25 len
3071 2993 48 18 van
3143 2987 44 25 het
3204 2986 96 27 likker-
3317 2987 28 25 of
3359 2987 63 25 zelfs
3438 2994 50 18 van
3508 2987 46 26 het
3573 2989 221 25 reclitercentrum
3813 2991 81 25 wordt
3913 2998 26 18 er

3001 3015 27 27 in
3052 3018 133 32 genoemd.
3213 3019 37 26 De
3270 3020 89 32 Tcmps
3376 3019 70 26 deelt
3461 3019 90 31 mede,
3568 3020 45 26 dat
3631 3020 31 26 de
3680 3020 92 26 heeren
3788 3021 31 25 de
3836 3020 102 32 Buffet,

3001 3048 31 26 de
3059 3052 112 24 markies
3196 3052 30 24 de
3250 3051 129 27 Talhouët
3396 3059 31 19 en
3446 3052 69 25 Daru
3541 3059 48 19 van
3618 3045 45 33 het
3680 3052 209 30 linkercentrum.
3908 3063 30 18 en

3001 3077 30 30 de
3050 3083 61 25 heer
3129 3084 86 32 iSigres
3231 3091 50 18 van
3299 3084 45 26 het
3360 3084 221 25 reclitercentrum
3596 3085 126 30 weigeren
3746 3086 53 25 met
3820 3086 50 25 den
3878 3087 61 25 heer

3002 3113 107 27 Ollivier
3129 3115 27 26 in
3175 3116 126 26 hetzelfde
3319 3116 141 25 ministerie
3477 3117 26 22 te
3515 3116 87 25 zitten.
3622 3116 38 27 De
3671 3117 61 26 heer
3742 3117 31 26 de
3782 3118 24 25 la
3819 3119 104 26 (juéron-

3001 3146 69 26 niére
3081 3169 5 7 ,
3105 3148 57 25 dien
3181 3148 30 25 de
3230 3143 138 38 Tèlegrapiï
3390 3144 124 31 aanduidt
3531 3146 39 26 als
3587 3149 117 27 minister
3713 3157 48 19 van
3775 3150 149 26 buitenland-

3000 3180 59 24 sche
3086 3181 86 24 zaken,
3190 3189 20 15 is
3236 3180 145 30 gedurende
3402 3183 24 21 et
3425 3180 83 30 inigen
3524 3181 46 31 tijd
3589 3183 122 30 afgezant
3728 3184 25 22 te
3772 3183 103 25 Brussel
3894 3193 28 22 ge-

3000 3213 92 30 weest,
3119 3221 30 17 en
3167 3211 20 25 is
3206 3222 45 15 een
3268 3210 247 34 ultra-imperialist.
3533 3213 43 32 Hij
3601 3213 21 26 is
3647 3215 40 26 ter
3713 3216 92 31 gunste
3824 3223 50 18 van
3891 3223 47 19 een

3000 3244 191 25 vredelievende
3208 3244 156 25 staatkunde
3374 3255 5 19 ;
3387 3254 72 17 maar
3468 3247 21 24 is
3498 3254 45 17 zoo
3555 3247 92 32 weinig
3656 3248 109 25 liberaal
3776 3248 38 25 als
3824 3248 48 26 wel
3883 3256 35 18 mo-

2999 3275 79 34 gelijk
3096 3275 27 26 is.

3031 3307 39 27 I)e
3098 3309 87 31 Temps
3211 3308 128 31 beweert,
3358 3308 45 27 dat
3420 3308 39 27 'de
3477 3311 119 37 meening
3613 3319 50 18 van
3680 3311 48 27 den
3745 3311 63 27 heer
3828 3312 109 27 Ollivier

2999 3340 151 33 aangaande
3175 3340 31 27 de
3231 3341 158 25 romeinsche
3407 3341 105 26 kwestie
3535 3351 89 22 eemge
3641 3344 216 33 afgevaardigden
3879 3352 57 19 ver-
3941 3337 2 15 '

3000 3373 103 25 hindert,
3120 3381 44 18 een
3183 3373 162 34 portefeuille
3363 3381 50 18 aan
3426 3374 27 26 te
3470 3381 99 19 nemen.
3588 3374 53 27 Een
3652 3376 138 26 brochure:
3810 3377 37 26 La
3859 3378 76 31 Crise,

2999 3406 80 24 welke
3097 3407 156 30 eergisteren
3270 3407 20 22 is
3309 3406 171 32 uitgekomen,
3498 3409 70 24 trekt
3588 3409 28 24 de
3635 3409 148 30 algemeene
3796 3410 137 26 aandacht.

2999 3437 50 33 Wij
3067 3437 136 28 ontleehën
3221 3439 64 24 haar
3302 3446 59 18 eene
3381 3438 171 33 beschrijving
3572 3449 47 15 van
3641 3441 46 25 het
3703 3442 231 26 reclitercentrum.

3032 3471 39 25 «Is
3089 3471 38 25 dit
3144 3480 61 18 eene
3224 3471 183 31 staatkundige
3425 3472 97 32 partij?
3547 3472 78 26 Heeft
3635 3472 46 26 het,
3691 3474 155 33 beginselen,
3857 3483 58 19 over-

2996 3503 145 32 tuigingen,
3161 3511 45 17 een
3223 3503 106 25 banier?
3356 3504 53 24 Het
3425 3498 103 31 bestaat
3540 3506 38 24 uit
3588 3507 48 24 hen
3647 3507 40 25 die
3698 3504 45 26 het
3752 3515 80 24 gezag
3842 3508 90 30 vleien,

2998 3534 63 27 dooi'
3069 3535 45 25 Int
3122 3535 26 25 in
3158 3535 64 32 eijne
3227 3535 337 35 gedaanteverwisselingen
3573 3539 90 25 voorte
3672 3546 76 26 gaan.
3758 3540 60 24 Hun
3824 3541 93 24 natuur-

2996 3567 60 32 lijke
3066 3567 152 32 gezindheid
3231 3568 71 30 neigt
3321 3568 50 25 hen
3387 3576 64 17 naar
3469 3569 30 24 de
3510 3569 172 31 rechterzijde.
3703 3570 53 25 Het
3774 3573 146 22 reclitercen-

2996 3601 69 22 trum
3084 3598 102 28 bestaat
3203 3600 40 26 uit
3252 3599 151 32 wetgevend
3413 3600 56 31 pek.
3489 3601 59 25 Men
3559 3596 77 34 stopt'
3641 3609 27 17 er
3678 3601 30 25 de
3719 3602 81 25 naden
3810 3604 72 24 mede
3891 3612 41 18 om

2996 3620 50 28 alle
3058 3625 96 30 punten
3164 3626 38 18 me
3208 3630 9 14 o
3226 3630 80 13 «iv.,„
3367 3620 53 22 -_J
3443 3633 17 7 ..
3802 3634 6 8 ,
3863 3634 17 8 
3906 3635 6 6 .

2996 3656 85 25 schilt:
3100 3653 33 30 hii
3152 3652 21 25 is
3191 3659 46 17 een
3253 3648 169 27 voorstander
3438 3657 50 18 van
3506 3647 48 27 den
3573 3654 81 26 vrijen
3669 3647 104 26 handel,
3788 3647 31 31 zij
3829 3647 48 31 zijd
3889 3647 44 25 nl'l

2996 3686 61 27 niet-
3077 3685 34 32 liij
3129 3684 24 27 is
3168 3690 63 18 voor
3248 3681 30 24 de
3295 3674 106 37 eenhdjd
3420 3689 48 19 van
3488 3680 171 25 Duitsohland
3677 3686 31 18 en
3726 3678 93 26 zonder
3833 3678 86 31 bijzon-

2999 3705 57 39 dere
3076 3713 174 38 genegenheid
3263 3722 63 17 voor
3335 3713 156 32 Oostenrijk,
3501 3713 31 31 zij
3541 3712 169 26 beschouwen
3719 3711 30 26 de
3759 3710 161 34 gebeurtenis-

2998 3761 43 15 sen
3066 3758 47 17 van
3135 3743 59 31 isiiü
3211 3746 38 26 als
3266 3745 50 25 den
3328 3746 268 31 verschrikkelijksten
3617 3745 57 37 slag
3690 3751 61 19 voor
3767 3744 48 26 den
3831 3743 104 26 invloed

2998 3793 48 17 van
3064 3780 135 31 frankrijk
3217 3787 31 17 en
3267 3785 61 17 voor
3346 3777 45 25 het
3409 3777 155 34 europeesch
3574 3776 151 27 evenwicht.
3744 3775 171 34 Enditopper-

2998 3815 78 27 hoofd
3092 3814 83 27 zullen
3193 3811 32 32 zij
3239 3810 51 26 dan
3307 3810 48 26 ook
3364 3810 117 27 verlaten
3490 3820 32 24 op
3531 3810 45 28 het
3588 3810 81 26 eerste
3679 3809 99 33 signaal
3788 3816 50 19 van
3847 3809 87 30 eenige

2998 3848 83 26 macht
3089 3844 130 26 lubbende
3235 3844 73 22 stem.
3322 3842 38 25 De
3370 3846 81 21 eerste
3462 3843 30 25 de
3503 3844 70 22 beste
3582 3843 124 28 minister,
3716 3841 39 25 die
3765 3841 30 25 de
3806 3841 78 32 gunst
3893 3841 43 25 des

2998 3880 97 27 keizers
3112 3876 93 35 geniet,
3223 3875 51 26 kan
3293 3883 31 25 op
3343 3875 87 27 hunne
3448 3874 201 33 ondersteuning

3034 3913 33 26 Qe
3085 3909 133 31 engelsche
3237 3909 94 24 bladen
3348 3911 117 31 Vestigen
3484 3911 30 22 de
3531 3902 129 31 aandacht
3677 3915 31 24 op
3718 3907 31 25 de
3758 3906 172 31 schandelijke

2998 3943 161 35 praktijken,
3183 3940 80 26 welke
3291 3940 33 34 bij
3343 3934 31 35 dé
3392 3941 118 27 fransche
3529 3939 178 33 verkiezingen
3726 3938 85 34 plaats
3828 3939 107 33 grijpen,

2999 3985 30 19 en
3056 3972 178 27 vcYoordeelen
3262 3973 46 28 het
3325 3976 110 32 systeem
3461 3971 45 30 déV
3524 3971 123 27 ofttciéele
3670 3971 189 26 kandidaturen
3876 3971 53 26 met

2998 4010 31 24 de
3053 4007 115 32 grootste
3194 4006 260 34 verontwaardiging.
3491 4004 35 26 De
3554 4005 74 32 Dailg
3646 4004 74 26 New*
3739 4004 116 25 wenscht
3878 4003 50 32 zijn

2998 4039 122 26 vrienden
3137 4038 93 26 zoowel
3250 4039 38 27 als
3305 4041 51 33 zijn
3370 4037 204 33 tegenstanders,
3592 4044 48 19 om.
3651 4043 119 18 wanneer
3781 4036 26 25 in
3817 4036 45 25 het
3870 4035 50 25 Par-

2998 4074 97 24 lement
3113 4072 30 25 de
3159 4072 107 26 kwestie
3285 4075 44 25 ter
3345 4074 91 32 sprake
3454 4070 72 26 komt
3544 4077 50 19 van
3612 4070 123 25 voortaan
3756 4068 30 27 de
3804 4068 118 34 afgevaar-

2998 4103 96 34 digden
3111 4106 26 25 te
3155 4104 135 27 verkiezen
3307 4107 53 25 met
3377 4102 185 32 stembriefjes,
3589 4102 61 25 toch
3669 4102 54 25 niet
3738 4102 46 25 ten
3801 4100 135 26 voordoelc

2999 4137 27 25 oi'
3043 4139 43 28 ten
3103 4136 105 30 nadeele
3227 4147 50 18 van
3293 4139 38 25 dit
3348 4136 60 34 plan
3429 4142 31 27 op
3480 4135 46 26 het
3543 4134 118 27 fransche
3679 4131 138 27 voorbeeld
3833 4134 26 25 te
3879 4133 43 32 wij-

2999 4178 53 18 zen.
3087 4169 31 26 In
3143 4170 139 31 Frankrijk
3315 4169 103 27 bestaat
3450 4175 65 25 geen
3542 4167 117 32 geheime
3684 4165 154 34 stemming,
3865 4166 71 25 want

2998 4201 46 26 het
3069 4201 120 27 fransche
3215 4202 259 32 verkiezingsysteem
3498 4200 132 31 vereenigt
3658 4199 24 25 al
3710 4199 30 24 de
3764 4198 172 32 schandelijke

2998 4233 159 30 misbruiken
3176 4235 79 27 welke
3275 4235 84 34 plaats
3374 4228 100 31 hebben
3493 4231 26 27 in
3537 4230 157 32 onwetende,
3704 4228 178 34 afhankelijke
3889 4234 31 28 ge-

2999 4269 119 25 meenten
3136 4267 34 33 bij
3193 4270 45 24 het
3255 4267 110 33 openlijk
3385 4265 154 31 uitbrengen
3560 4265 44 24 der
3621 4265 124 24 stemmen
3762 4263 53 26 met
3833 4259 46 28 het
3892 4265 31 22 be-

3000 4298 135 35 driegelijk
3152 4299 110 35 gebruik
3279 4307 50 17 van
3346 4305 45 19 een
3406 4296 183 33 voorgewende
3609 4294 217 32 geheimhouding
3836 4294 44 24 der
3887 4294 39 24 uit-

3000 4332 141 32 gebrachte
3159 4335 130 24 stemmen.
3319 4330 35 28 De
3380 4330 80 27 meest
3478 4328 203 27 demokratische
3698 4325 165 34 instellingen
3881 4325 57 33 zijn,

3001 4364 38 25 als
3057 4365 31 31 zij
3098 4363 54 28 niet
3169 4365 98 24 bezield
3278 4363 104 26 worden
3389 4363 117 25 dooreen
3515 4363 72 31 geest
3598 4369 51 17 van
3656 4359 122 33 publieke
3785 4359 151 28 moraliteit,

3001 4396 96 28 slechts
3113 4406 105 20 vormen
3235 4404 51 19 van
3302 4395 135 33 slavernij,
3456 4401 31 19 en
3507 4391 159 27 demokratie
3681 4390 93 26 zonder
3791 4389 109 33 vrijheid
3917 4389 22 26 is

3001 4430 33 24 de
3053 4431 99 28 laagste
3177 4440 71 15 vorm
3266 4439 48 15 van
3337 4422 189 40 dwingelandij.
3561 4426 46 25 Dit
3617 4424 94 26 artikel
3733 4431 50 18 van
3801 4422 46 26 het
3867 4422 72 26 beste

3001 4461 112 28 dagblad
3131 4470 48 17 van
3198 4461 133 32 Engeland
3350 4460 39 25 zal
3398 4459 74 25 zeker
3480 4457 47 31 vrij
3537 4457 53 24 veel
3602 4456 87 32 opzien
3707 4455 78 25 baren
3806 4455 25 24 in
3844 4454 79 25 Frank-

3002 4494 54 30 rijk,
3077 4504 69 17 waar
3163 4505 56 15 in-u
3239 4487 198 39 'tegenwoordig
3454 4488 130 35 bijzonder
3609 4488 78 25 lucht
3706 4495 46 18 aan
3772 4486 28 27 de
3820 4487 119 32 mening

3002 4533 46 18 van
3071 4526 139 34 Enjgeland.
3244 4526 37 27 De
3300 4526 126 25 artikelen
3445 4532 48 17 van
3511 4522 31 26 de
3562 4522 76 31 Daily
3656 4520 74 26 News
3748 4527 31 19 en
3798 4520 80 26 Times
3895 4520 30 24 be-

3001 4559 124 26 treffende
3135 4559 137 32 Frankrijk
3282 4558 100 26 worden
3394 4553 124 34 dagelijks
3528 4560 193 25 overgenomen,
3732 4559 28 18 en
3770 4552 34 25 de
3813 4552 125 32 oppositie

3002 4592 86 25 mankt
3100 4602 44 15 een
3152 4600 57 17 zeer
3219 4591 97 31 handig
3321 4590 106 32 gebruik
3436 4597 48 15 van
3494 4587 30 25 de
3530 4585 177 26 minachtende
3715 4585 136 32 gestrenge
3861 4591 78 26 wijze.

3002 4629 104 28 Waarop
3125 4624 30 26 de
3172 4624 126 31 openbare
3318 4622 176 31 mceniugvan
3508 4619 45 24 het
3567 4618 197 32 parlementaire
3774 4615 104 34 land.bij
3888 4617 39 24 nit-

3001 4657 170 26 nem.-mlheid
3189 4657 30 26 de
3237 4655 122 27 officieel.'
3377 4651 188 26 kandidaturen
3583 4658 53 18 enz.
3656 4649 152 27 beoordeelt,
3826 4649 31 26 In
3876 4649 61 26 alles

3001 4689 86 26 tracht
3106 4696 57 21 men
3183 4689 45 26 het
3246 4685 136 28 voorbeeld
3399 4694 48 17 van
3468 4685 45 25 het
3524 4683 228 26 konstitutioneele
3770 4681 132 34 Engeland
3912 4680 25 27 te

3002 4722 100 28 volgen.
3120 4722 51 26 Zoo
3190 4722 73 24 bevat
3274 4721 44 24 het
3335 4720 94 25 laatste
3439 4724 116 18 nummer
3563 4724 48 17 van
3621 4716 45 25 het
3674 4715 113 26 Journal
3796 4716 87 30 officiel
3893 4722 44 17 een

3002 4754 109 33 verslag,
3130 4754 157 26 betreffende
3304 4750 30 27 de
3354 4749 151 35 gewoonten
3521 4757 50 17 van
3589 4748 46 26 het
3652 4748 117 26 Britsche
3781 4746 156 27 Parlement,

3002 4793 48 18 aan
3070 4787 45 25 Int
3135 4785 159 35 Wetgevend
3313 4783 120 27 Lichaam
3452 4780 167 33 aangeboden
3627 4781 61 25 door
3700 4780 46 25 den
3756 4778 182 26 he.-rM.iur.-l-

3002 4817 133 35 Dupeyné,
3152 4819 59 26 chef
3227 4818 45 26 der
3650 4820 48 18 van
3717 4812 44 24 het
3784 4809 18 24 «\
3813 4808 125 32 etgevend

3002 4850 131 26 Lichaam.
3167 4852 47 25 Dit
3237 4850 102 33 verslag
3363 4848 22 25 is
3410 4856 56 17 zeer
3491 4844 159 33 belangrijk,
3679 4843 64 25 doch
3770 4841 26 25 te
3813 4841 63 31 lang'
3895 4850 40 15 «mi

3002 4879 40 28 hei
3074 4884 83 25 heden
3183 4891 52 24 nog
3260 4891 32 25 op
3311 4881 26 26 te
3354 4877 98 31 neinen.
3485 4878 52 26 Het
3555 4874 59 27 doet
3634 4874 126 26 hetzelfde
3778 4874 137 31 opmerken
3928 4893 5 6 .

3002 4911 46 30 dat
3067 4916 28 26 de
3115 4916 61 27 heer
3194 4913 122 27 Scheider
3332 4912 107 37 onlangs
3456 4911 26 25 in
3498 4907 46 28 het
3555 4905 158 39 Wetgevend
3724 4905 122 25 Lichaam
3859 4905 78 30 zeide,

3002 4945 46 27 dat
3074 4948 46 27 het
3146 4950 27 24 te
3198 4948 138 26 betreuren
3361 4945 22 25 is
3407 4944 45 26 dat
3470 4950 58 18 men
3548 4942 54 25 met
3620 4948 27 18 m
3665 4938 137 33 Frankrijk
3819 4946 65 18 even
3899 4938 39 26 als

3002 4977 28 27 in
3048 4980 135 27 Engeland
3200 4981 31 25 de
3250 4978 90 26 kamer
3361 4976 46 26 der
3423 4971 358 34 volksvertegenwoordigers
3790 4970 93 28 zonder
3892 4978 30 26 ge-

3002 5011 124 27 schreven
3149 5013 142 32 reglement
3308 5010 51 26 kan
3376 5007 78 27 laten.
3481 5007 31 24 In
3531 5003 136 35 Engeland
3683 5004 85 26 wordt
3785 5003 63 27 alles
3866 5011 58 25 gere-

3002 5043 59 31 geld
3091 5046 107 31 volgens
3223 5035 184 40 //precedenten
3433 5048 32 17 en
3700 5037 67 26 Deze
3784 5037 154 32 gewoonten

3002 5076 105 27 worden
3135 5085 31 25 op
3193 5076 32 26 de
3252 5074 162 32 duidelijkste
3441 5072 71 33 wijze
3537 5072 63 25 door
3625 5070 48 26 den
3689 5070 64 26 heer
3769 5068 151 26 Maurel-Du-

3002 5109 84 32 peyné
3111 5108 171 37 aangetoond,
3305 5107 65 26 doch
3387 5105 35 34 hij
3441 5104 96 27 zoowel
3553 5104 38 27 als
3608 5102 31 27 de
3656 5102 63 27 heer
3735 5100 141 28 «Schneider
3894 5100 28 25 be-

3004 5139 117 30 hoorden
3144 5143 54 30 niet
3223 5150 48 18 van
3289 5139 59 26 zulk
3366 5146 47 19 een
3430 5139 120 32 jeugdige
3567 5137 133 33 instelling
3712 5135 40 25 als
3770 5134 31 25 de
3820 5133 116 25 fransche

3005 5172 89 30 kamer
3120 5176 24 27 te
3175 5174 109 25 cist-hen,
3302 5172 45 27 dat
3361 5172 30 30 zij
3410 5178 35 19 nu
3464 5171 72 25 reeds
3554 5178 45 17 zou
3618 5170 100 22 kunnen
3738 5165 122 25 handelen
3881 5165 40 20 vol-

3005 5212 64 26 gens
3085 5206 28 26 de
3132 5205 187 33 ondervinding
3335 5204 71 26 sinds
3423 5211 44 18 zo»
3483 5199 92 28 korten
3593 5200 47 30 tijd
3657 5206 44 24 pns
3719 5198 138 28 o].g.-«laan.

3038 5238 37 27 De
3093 5241 60 25 heer
3171 5238 105 27 Droüvn
3295 5226 30 37 &
3341 5238 87 25 Lhuvs
3446 5236 70 25 beeft
3533 5233 87 27 .■.■nig.-
3638 5236 57 17 «"■'•'r
3700 5257 7 9 I
3712 5225 130 48 b'",'_f,l,
3843 5224 33 35 KV
3889 5223 45 51 K%

3005 5271 178 25 zonderheden
3202 5267 175 35 medegedeeld
3396 5265 148 32 aangnni.de
3560 5263 30 21 cl.-
3615 5257 115 26 *™»«ho
3863 5251 70 58 lt_^

3287 5341 12 18 3
3305 5337 84 50 wortS
3404 5346 146 41 te|enwoor
3552 5361 5 39 ;
3557 5352 39 31 lig
3613 5349 59 26 win,
3687 5352 109 28 *
3798 5350 93 30 bracht
3905 5361 32 21 en

3006 5400 30 26 de
3054 5387 181 41 <vzainenlijke
3252 5391 138 38 opbreng
3407 5386 81 26 wordt
3506 5391 125 26 ongeveer
3648 5382 130 31 berekend
3795 5394 31 26 op
3843 5392 25 25 ,1
3882 5389 43 26 mil-

3005 5432 69 26 lioen
3090 5430 151 28 hektolil.i---
3257 5417 107 35 wan,J
3366 5420 91 30 etgeen
3497 5417 40 25 als
3559 5425 60 18 men
3645 5417 239 39 dooreengenomen
3908 5422 30 27 de

3006 5464 99 26 waarde
3120 5469 50 17 van
3188 5464 44 18 een
3250 5452 137 26 hektorrter
3405 5458 31 24 op
3452 5452 33 24 2^l
3502 5452 31 25 fr:
3552 5452 132 33 berekent,
3694 5461 59 21 eene
3774 5456 99 28 waard*
3883 5463 44 15 v.-r-

3006 5498 9 20 -t
3030 5481 177 37 '.vuwoordigt,
3231 5491 48 19 van
3308 5485 61 24 1600
3389 5480 117 30 millioen
3530 5484 117 28 franken.
3683 5487 56 27 Van
3765 5489 30 25 de
3814 5497 17 14 v,

3007 5529 104 22 bestaan
3136 5518 35 27 i.f
3171 5518 86 27 100.000
3275 5513 132 35 gezinnen,
3426 5515 27 28 of
3468 5520 130 30 6,500,000
3614 5529 132 28 personen,
3755 5519 81 31 torwij

3007 5564 57 18 veer
3081 5550 128 33 2,600,000
3226 5556 124 24 personen
3366 5559 51 18 van
3435 5551 50 28 den
3501 5555 156 32 wijnhandel
3674 5563 31 17 en
3718 5554 44 26 het
3774 5546 157 38 «•*'*«*T*r_

3006 5590 78 24 leven.
3118 5583 37 24 De
3172 5581 176 31 wijngaarden
3366 5585 98 27 voeden
3481 5588 122 27 derhalve
3621 5596 44 17 een
3683 5584 76 31 vijfde
3775 5587 46 17 van
3839 5578 28 18 «<e
3885 5581 24 18 n'

3006 5617 70 26 hcele
3094 5613 139 33 bevolking
3260 5623 50 19 van
3337 5617 139 37 Frankrijk
3488 5641 4 7 .
3511 5621 110 32 hetgeen
3640 5615 92 27 dubbel
3746 5608 182 46 P'ffJ'S

3005 5650 28 27 is,
3051 5654 44 19 zoo
3112 5646 38 26 als
3168 5642 31 30 dé
3217 5647 61 28 heer
3296 5649 110 31 Drouvn
3424 5654 28 26 de
3474 5653 87 27 Lhuvs
3578 5648 136 34 opmerkte,
3729 5636 202 52 «JJf^JÏS

3006 5681 43 24 dat
3067 5679 28 24 ,1e
3119 5680 90 31 grond,
3229 5691 32 26 op
3278 5686 102 27 welken
3397 5687 30 26 de
3446 5683 139 32 wiingaard
3602 5667 206 56 jke?\?*X
3833 5694 98 28 Breton

3006 5711 131 33 algemeen
3154 5720 63 20 voor
3233 5708 70 38 niets
3319 5720 91 26 anders
3426 5715 116 37 geschikt
3560 5719 44 18 zou
3674 5733 26 22 te
3717 5700 139 54 MedK
3869 5733 65 24 zand

3005 5815 27 20 m
3032 5778 174 67 ekn]fc
3208 5791 18 20 n
3239 5784 163 61 dHS&
3418 5778 237 58 nh^r»--ün
3671 5793 76 28 komt
3762 5804 52 20 van
3831 5773 107 63 raken,

3005 5841 40 26 die
3072 5850 33 26 op
3128 5822 90 54 Sn
3239 5858 51 18 van
3305 5822 102 51 «SS
3426 5837 98 39 g«_*
3537 5851 4 8 ,
3566 5837 31 17 en
3615 5822 31 31 de
3664 5826 72 28 beste
3759 5837 41 30 Wij
3803 5839 84 30 ngaM
3889 5861 30 2 _
3921 5845 18 19 n

3005 5882 51 21 van
3074 5851 164 65 BVu^idië
3257 5857 293 60 vindt'ne^Pj-otsen
3567 5868 31 17 en
3615 5868 26 17 m
3651 5868 176 33 moerassen
3840 5870 94 33 grond.

3343 5942 260 31 Rumenie.

3043 6022 30 21 In
3098 6022 31 21 ,1«
3156 6009 161 34 rumeensche
3335 6005 89 25 kamer
3451 6007 21 17 is
3498 5999 32 27 de
3556 6000 194 34 Jodenkwestie
3782 6006 85 26 weder
3899 6005 41 25 ter

3008 6056 92 25 surake
3116 6033 141 47 Vbracht,
3283 6038 59 34 Mep
3367 6033 52 25 had
3444 6033 125 35 namelijk
3593 6038 73 28 steen
3683 6048 33 19 en
3731 6040 66 26 been
3813 6037 130 34 geklaagd

3008 6064 63 44 f,v,r
3094 6086 31 21 de
3150 6066 198 41 teugellooshiul
3366 6065 45 27 der
3428 6064 193 40 dagbladpers,
3639 6073 40 28 die
3697 6073 57 27 zich
3770 6072 54 26 niet
3843 6070 94 33 ontzag

3011 6128 39 14 om
3076 6118 48 24 den
3148 6107 70 27 vorst
3241 6102 69 32 bijna
3334 6099 126 31 dagelijks
3488 6102 30 26 in
3533 6103 64 30 hare
3614 6107 145 25 kolommen
3777 6106 28 26 te
3822 6100 119 32 bevuilen

3011 6152 52 24 met
3078 6149 30 25 de
3125 6135 142 41 gemeenste
3283 6132 149 27 straattaal.
3455 6133 224 33 Onderscheidene
3696 6133 163 31 kamerleden
3881 6141 46 19 ver-

3009 6180 109 26 wek*
3144 6178 48 18 van
3208 6167 50 26 den
3274 6165 119 27 minister
3406 6167 235 37 Cogolnitscheano
3661 6171 45 27 dat
3724 6170 34 33 hij
3768 6177 63 19 eene
3837 6167 91 27 vervol-

3011 6201 9 33 .'
3020 6201 6 33 r
3030 6215 6 24 \
3038 6222 14 14 n
3054 6203 17 27 ?r
3094 6210 76 21 tegen
3197 6198 40 26 die
3263 6198 94 27 bladen
3384 6203 81 27 zoude
3485 6206 137 31 instellen,
3652 6204 28 26 of
3697 6203 46 26 dat
3759 6202 35 32 hij
3814 6210 60 17 eene
3893 6198 50 27 wet

3009 6249 77 21 zouue
3104 6233 124 28 indienen,
3246 6231 136 28 waardoor
3398 6236 74 28 zulke
3489 6235 263 35 buitensporigheden
3763 6240 61 19 voor
3831 6233 46 25 het
3887 6239 43 19 ver-

3009 6274 58 28 volg
3083 6266 96 27 zouden
3195 6265 104 26 kunnen
3317 6270 125 30 geweerd.
3461 6274 40 31 Op
3511 6270 72 26 beiile
3595 6278 96 24 vragen
3698 6267 81 26 moest
3787 6266 32 26 do
3829 6265 115 26 minister

3009 6311 44 19 een
3071 6296 143 33 weigerend
3231 6299 136 30 antwoord
3383 6304 90 32 geven.
3493 6304 41 33 Hij
3544 6304 50 25 kon
3605 6309 78 25 geene
3692 6299 151 32 vervolging
3850 6296 80 26 instel-

3009 6337 40 25 len
3074 6339 31 17 en
3131 6330 48 26 ook
3206 6339 65 24 geen
3298 6335 201 34 wets-ontwerp
3519 6335 136 30 indienen;
3671 6333 46 27 het
3733 6332 46 26 één
3797 6328 92 27 zoowel
3908 6328 38 27 als

3009 6366 44 25 het
3078 6363 79 26 ander
3183 6363 89 31 achtte
3298 6369 35 33 hij
3352 6371 27 25 in
3397 6370 76 32 strijd
3490 6369 52 26 met
3560 6369 30 25 de
3609 6374 65 18 ware
3693 6364 107 32 vrijheid
3819 6363 45 25 der
3881 6369 64 25 pers.

3009 6397 117 32 Nogtans
3154 6397 70 30 zeide
3249 6400 35 33 hij
3312 6411 28 19 er
3357 6404 69 26 niets
3442 6397 27 31 in
3491 6403 25 25 te
3531 6402 64 28 zien,
3614 6404 118 21 wanneer
3746 6396 30 25 de
3785 6396 89 25 kamer
3883 6394 61 25 hare

3009 6430 137 32 afkeuring
3164 6433 26 25 te
3207 6433 103 30 kennen
3327 6438 47 31 gaf
3384 6444 60 18 over
3461 6435 31 25 de
3500 6430 262 35 buitensporigheden
3772 6429 44 25 der
3824 6435 104 19 rumeen-

3009 6463 59 26 sche
3087 6471 65 25 pers.
3171 6465 86 30 Onder
3267 6477 61 19 eene
3338 6468 126 26 doodsche
3474 6467 71 26 stilte
3555 6465 67 25 werd
3633 6464 61 24 door
3704 6463 50 25 den
3765 6459 167 33 afgevaardig-

3009 6496 50 27 den
3074 6496 63 28 heer
3154 6498 81 28 Aslan
3252 6511 47 18 een
3315 6500 136 27 uittreksel
3459 6498 167 33 voorgelezen
3634 6496 39 25 uit
3685 6495 45 25 het
3739 6493 100 26 krantie
3854 6493 69 24 Mwo-

3011 6534 92 25 c.ratia.
3119 6533 99 27 waarin
3235 6534 31 27 de
3283 6535 117 30 uitingen
3419 6541 47 17 van
3485 6531 47 26 den
3550 6530 72 26 vorst
3641 6526 157 30 betreffend»
3811 6526 28 24 de
3853 6526 80 22 .loden-

3011 6562 116 33 kwestie,
3155 6565 129 28 benevens
3302 6567 31 25 de
3348 6565 109 32 noodige
3475 6560 213 30 kommentarien,
3703 6557 109 26 stonden
3829 6557 117 30 gedrukt,

3017 6596 73 26 Kar.l
3111 6599 12 24 ,1
3188 6601 51 26 ,-ste
3257 6600 69 27 moet
3334 6596 120 33 namelijk
3464 6604 31 26 op
3504 6595 64 33 zijne
3574 6593 104 40 jongste
3685 6596 51 20 reis
3745 6589 54 25 zich
3809 6589 138 30 tegenover

3014 6640 60 17 eene
3090 6632 185 26 israöhetische
3283 6630 131 34 deputatie
3424 6635 126 26 ongeveer
3557 6622 39 30 als
3605 6626 72 30 volgt
3686 6622 99 25 hebben
3796 6628 22 14 ui
3826 6622 111 26 «elawn

3017 6664 53 27 «De
3086 6663 152 31 Israëlieten
3255 6663 84 28 sullen
3354 6663 27 26 in
3398 6660 63 34 mijn
3478 6663 175 31 aangenomen
3670 6652 77 26 vader
3749 6651 61 26 land
3826 6651 40 25 dio
3883 6656 25 18 in
3919 6651 14 21 d-

3017 6694 125 31 delkfess*
3159 6705 119 21 vormen,
3295 6694 80 27 welke
3393 6693 90 32 alsnog
3498 6690 56 30 niet
3569 6685 118 31 bestaat,
3705 6691 33 19 en
3754 6684 63 26 nier
3829 6684 118 31 afwsïlg.

3991 1305 61 28 heid
4068 1316 46 18 een
4140 1309 76 32 groot
4232 1307 91 26 kwaad
4348 1316 60 25 mag
4433 1309 103 27 worden
4561 1310 131 32 genoemd.
4711 1309 146 27 Bovendien
4876 1307 51 27 ben

3990 1338 27 26 ik
4026 1338 144 34 overtuigd,
4180 1339 45 25 dat
4235 1341 39 32 wij
4284 1339 93 27 zonder
4385 1341 31 26 de
4426 1341 150 26 Israëlieten
4585 1342 54 25 niet
4648 1342 103 25 kunnen
4873 1338 53 27 Het

3992 1378 51 19 was
4059 1378 61 20 over
4137 1371 59 30 deze
4214 1371 126 32 woorden,
4359 1372 45 26 dat
4422 1372 30 26 de
4463 1372 164 26 Dr.mocratla
4635 1380 65 18 vuur
4711 1380 31 19 en
4759 1370 70 27 vlam
4837 1378 87 26 spoog.

4020 1403 69 27 Deze
4108 1403 118 27 woorden
4243 1411 87 20 waren
4346 1403 102 28 voorde
4467 1406 167 26 Jkmocralia
4642 1402 143 41 natuurlijk
4794 1410 57 19 zeer
4860 1403 52 32 pijn-

3989 1434 53 33 lijk.
4067 1435 38 33 Zij
4121 1436 139 34 vervolgen
4279 1437 31 26 de
4328 1437 148 27 Rumeenen
4491 1436 79 34 gelijk
4587 1443 46 19 een
4650 1430 116 39 Bpooksel
4778 1442 31 19 en
4818 1435 106 26 wekken

3990 1467 27 26 in
4037 1467 51 26 hen
4106 1467 30 26 de
4153 1469 83 26 meest
4252 1469 112 33 ernstige
4383 1476 71 20 vrees
4472 1476 39 26 op,
4530 1468 45 28 dat
4591 1468 45 27 iiet
4654 1467 56 28 niet
4724 1466 66 35 goed
4808 1466 39 27 zal
4856 1474 69 26 gaan

3989 1500 53 26 met
4051 1500 30 26 de
4093 1500 184 33 staatkundige
4289 1501 27 26 in
4326 1501 138 38 stellingen
4475 1509 31 18 en
4522 1502 53 26 met
4593 1500 30 27 de
4635 1499 176 27 nationaliteit
4820 1507 48 19 van
4878 1500 46 25 het

3989 1531 69 27 land.
4075 1531 122 28 Waarom
4212 1526 63 33 toch
4291 1547 31 5 —
4339 1534 58 31 zegt
4414 1533 46 27 dat
4478 1533 61 27 blad
4557 1547 32 6 —
4606 1532 96 28 zouden
4719 1533 40 32 wij
4770 1532 53 27 niet
4833 1531 90 27 buiten

3989 1564 32 27 de
4036 1564 151 27 Israëlieten
4204 1565 125 26 kunnen?
4354 1566 57 25 Wie
4435 1565 51 26 kan
4504 1565 53 26 niet
4577 1565 90 27 buiten
4685 1559 71 33 hen?
4781 1564 141 27 Misschien

3989 1596 30 26 de
4036 1596 175 27 Rumeensche
4230 1598 89 26 natie?
4333 1598 38 33 Zij
4388 1598 71 26 heeft
4476 1598 103 26 immers
4596 1602 50 25 700
4658 1598 74 33 jaren
4741 1598 63 33 lang
4812 1597 109 26 bestaan

3989 1628 92 26 zonder
4096 1629 85 27 Joden
4191 1630 12 25 't
4220 1630 138 26 Misschien
4376 1630 31 26 de
4424 1630 118 33 dynastie
4551 1632 13 25 ?
4581 1631 59 26 Dan
4657 1631 79 26 zoude
4752 1630 104 26 immers
4871 1629 35 26 Bu-

3989 1661 109 25 charest:
4114 1661 154 31 Jeruzalem;
4284 1663 132 25 Rumenië:
4435 1663 133 26 Palestina
4587 1671 30 18 en
4636 1664 31 25 de
4684 1663 112 33 famielje
4817 1663 89 25 derHo-

3986 1691 156 31 henzollern,
4161 1694 30 27 de
4208 1693 112 35 famielje
4341 1696 45 25 der
4402 1694 161 28 Makkabeëu
4581 1695 102 27 moeten
4694 1696 98 26 beeten.
4813 1695 35 28 De
4859 1695 48 27 kon-

3985 1722 83 27 klusie
4085 1724 45 26 der
4150 1726 169 27 Democrcdia
4328 1734 52 19 was
4397 1727 54 27 dus,
4470 1735 40 18 om
4530 1728 30 25 de
4577 1727 93 31 Joden,
4682 1728 40 25 die
4735 1729 60 28 tyeh
4805 1728 43 26 bot
4854 1728 69 26 niets

3985 1757 48 24 nut
4051 1756 57 32 zijn,
4124 1766 73 18 maar
4214 1757 28 26 af
4258 1760 26 24 te
4302 1759 119 26 schaffen.
4441 1755 37 32 Dé
4496 1761 59 25 kaai
4564 1768 20 18 -r
4603 1768 59 18 nam
4681 1759 53 28 met
4742 1761 91 33 groete
4841 1767 64 20 meer-

3985 1787 107 30 derheid
4110 1798 48 17 van
4178 1791 123 25 stemmen
4319 1792 31 25 de
4369 1792 124 32 volgend,'
4513 1793 122 25 resolutie
4654 1800 48 18 aan
4721 1800 48 19 van
4788 1793 47 26 den
4856 1793 57 33 afge-

3986 1819 138 33 vaardigde
4141 1820 178 33 Apostelanee:
4349 1822 112 33 „Terwijl
4470 1833 30 14 ue
4517 1822 89 28 kamer
4623 1825 30 25 de
4669 1825 256 26 inkonstitutioneele

3985 1859 31 19 en
4033 1854 196 32 onfatsoenlijke
4247 1854 116 32 houding
4374 1864 50 17 van
4434 1865 46 17 een
4499 1857 54 25 deel
4564 1858 46 24 der
4619 1857 171 33 dagbladpers
4800 1858 125 28 betreurt,

3984 1885 63 31 gaat
4057 1885 28 32 zij
4098 1893 59 17 over
4167 1887 39 24 tot
4220 1885 30 26 de
4261 1886 59 27 orde
4332 1896 47 17 van
4391 1887 47 25 den
4535 1889 157 27 Interessant
4711 1898 52 17 was
4774 1891 31 24 d>-
4824 1891 87 25 verkla-

3984 1916 58 37 ring
4059 1924 50 18 van
4127 1917 48 25 den
4193 1918 118 25 minister
4329 1917 240 34 Cogolnitscheano.
4589 1922 39 24 die
4646 1920 146 34 voorlogen
4802 1930 32 18 en
4843 1922 81 26 laster

3983 1946 151 27 verklaarde
4146 1969 5 6 .
4169 1950 110 33 datgene
4300 1954 48 22 wat
4369 1957 56 20 men
4444 1951 48 27 den
4512 1955 70 24 vorst
4600 1954 27 25 in
4646 1954 48 25 den
4711 1955 78 25 mond
4806 1955 52 25 had
4881 1963 28 20 ge-

3981 1978 59 31 legd
4059 1980 157 27 betreffende
4235 1983 30 22 de
4279 1982 195 33 jodenkwestle.
4493 1984 52 26 Het
4564 1994 84 17 waren
4668 1985 31 26 de
4716 1988 150 24 Israëlieten
4880 1996 30 20 ge-

3981 2011 93 30 weest,
4094 2010 41 26 die
4152 2010 46 27 dat
4217 2021 143 19 verzonnen
4376 2015 118 32 hadden,
4513 2024 41 18 om
4571 2017 46 26 het
4633 2016 26 27 in
4677 2017 86 26 hunne
4786 2026 41 19 are

3981 2048 32 27 op
4033 2042 26 26 te
4078 2043 132 31 schrijven.
4233 2046 50 25 Het
4302 2048 143 27 vraagstuk
4462 2048 21 24 is
4500 2048 104 26 immers
4622 2050 25 24 in
4667 2050 77 33 lange
4760 2060 33 17 na
4808 2053 54 24 niet
4873 2052 38 24 uit-

3981 2075 86 32 geput;
4080 2074 30 26 de
4120 2074 219 35 afgevaardigden
4349 2076 128 27 Codrescu
4494 2087 28 17 en
4535 2079 98 31 Boinc'y
4651 2081 100 26 hebben
4770 2081 137 35 interpeUa-

3981 2107 53 26 tiën
4054 2115 48 18 aan
4121 2107 48 26 den
4185 2108 118 26 minister
4324 2111 154 32 ingediend,
4505 2112 63 27 wier
4584 2108 177 38 behandeling
4778 2125 32 17 en
4825 2115 80 26 beant-

3981 2139 133 34 woording
4131 2141 72 25 reeds
4221 2141 63 26 door
4294 2141 47 26 den
4354 2143 130 32 telegraaf
4498 2145 50 32 zijn
4565 2146 206 32 aangekondigd,
4780 2154 73 19 maar
4861 2147 61 26 wier

3981 2172 215 34 bijzonderheden
4228 2173 92 33 alsnog
4350 2174 151 26 ontbreken.
4547 2176 50 34 Wij
4615 2174 91 27 komen
4724 2178 67 26 later
4812 2186 33 25 op
4861 2179 61 26 deze

3983 2204 64 28 zaak
4065 2205 83 33 terug.

4192 2263 288 41 Vereenigde
4508 2263 202 41 Staten.

4016 2316 86 27 Onder
4120 2316 48 28 den
4185 2316 60 28 titel
4263 2323 51 22 van
4331 2319 84 27 Goede
4431 2319 139 28 Berichten
4596 2328 63 19 voor
4681 2321 32 27 de
4728 2321 128 33 gelukkige
4880 2321 26 27 be-

3983 2349 86 27 zitters
4084 2356 54 19 van
4157 2349 292 33 Confederatie-Bonds,
4475 2350 103 37 schrijft
4604 2350 32 30 de
4651 2350 176 31 Newïorker
4845 2352 74 30 Han*

3981 2381 172 33 deXs-Zeilung
4172 2381 27 26 in
4214 2381 65 27 haar
4292 2381 105 35 jongste
4416 2391 116 20 nomraer
4539 2393 6 18 i

4200 2413 50 27 den
4265 2414 111 33 opstand
4401 2414 44 27 der
4461 2408 135 39 zuidelijke
4611 2415 87 27 staten
4714 2422 83 27 gaven
4813 2414 39 37 wij
4872 2425 47 20 aan

3981 2441 124 33 diegenen
4124 2452 51 20 van
4192 2453 60 19 onze
4270 2446 102 27 waarde
4388 2446 86 31 lezers,
4494 2446 40 27 die
4552 2446 56 27 deel
4625 2446 103 30 hadden
4735 2456 125 27 genomen
4869 2456 50 21 aan

3981 2474 31 28 de
4022 2476 135 35 leeningen
4176 2477 44 28 der
4231 2478 222 33 opstandelingen,
4460 2479 189 34 herhaaldelijk
4657 2479 50 28 den
4716 2479 203 37 welgemeeuden

3980 2507 71 30 raad,
4063 2509 48 26 den
4123 2510 172 34 toenmaligen
4305 2511 99 38 hoogen
4414 2511 60 33 prijs
4496 2518 48 20 vaa
4553 2511 181 35 scheurpapier
4743 2512 26 26 te
4779 2512 141 32 gebruiken

3980 2548 43 21 om
4038 2539 54 28 hun
4111 2542 120 34 papieren
4248 2543 74 34 kwijt
4346 2544 26 28 te
4390 2543 87 28 raken.
4509 2544 32 26 In
4558 2544 85 33 plaats
4662 2551 48 20 van
4729 2544 70 28 dank
4815 2544 89 28 ontvin-

3979 2580 51 24 gen
4035 2575 45 30 .wij
4091 2574 214 27 onderscheidene
4317 2575 149 28 onbeleefde
4482 2575 115 28 brieven,
4606 2577 89 26 vooral
4711 2577 39 26 uit
4761 2570 156 34 Nederland.

3979 2602 44 30 Nu
4039 2603 84 28 wordt
4141 2614 51 19 aan
4208 2606 40 28 die
4265 2607 138 38 gelukkige
4422 2607 123 28 bezitters
4561 2616 47 19 een
4624 2609 99 26 nieuwe
4742 2608 64 27 kans
4824 2616 79 26 aange-

3979 2635 91 33 boden,
4088 2646 103 26 waarop
4207 2639 40 34 wij
4273 2647 51 19 nen
4351 2640 32 33 bij
4409 2640 60 26 deze
4492 2640 178 33 opmerkzaam
4696 2641 102 27 maken.
4822 2641 38 27 De
4878 2643 26 25 te-

3979 2668 181 34 genwoordige
4176 2670 63 33 prijs
4258 2679 60 18 voor
4337 2672 181 37 scheurpapier
4533 2673 21 25 is
4572 2673 47 26 wel
4637 2673 22 26 is
4676 2681 71 19 waar
4767 2681 57 19 zeer
4840 2674 77 33 laag,

3979 2708 72 19 maar
4069 2702 187 26 verzamelaars
4271 2711 52 19 van
4338 2704 181 27 kuriositeiten
4538 2704 83 27 alhier
4639 2705 105 27 betalen
4763 2713 63 19 voor
4846 2706 52 26 Con-

3976 2734 227 31 fcderate-Bonds
4217 2748 2 4 ■
4227 2743 52 25 nog
4294 2734 48 27 iets
4362 2744 69 19 meer
4455 2737 51 26 dan
4533 2737 63 26 deze
4629 2745 64 19 naar
4719 2738 54 26 hun
4805 2738 112 34 gewicht

3979 2766 86 26 waard
4085 2766 57 32 zijn.
4168 2766 51 26 Zoo
4238 2767 69 25 werd
4323 2767 25 26 b.
4365 2776 22 17 v.
4410 2767 26 26 iv
4454 2777 61 17 eene
4533 2770 165 32 verkooping,
4713 2770 107 32 onlangs
4831 2770 87 25 alhier

3978 2798 143 33 gehouden,
4139 2806 46 19 een
4200 2807 116 18 nommer
4344 2799 155 26 bevattende
4517 2803 129 28 2,269,700
4663 2800 60 26 doll.
4741 2809 63 19 voor
4812 2805 32 22 35
4854 2800 63 28 doll.

3978 2831 109 31 geveild-,
4096 2831 175 31 daarentegen
4286 2831 128 26 brachten
4430 2836 105 25 6'JT.OO:)
4561 2833 217 31 gekonlVreerden
4806 2833 98 37 (papier-

3978 2859 69 37 geld)
4068 2867 14 21 9
4100 2863 111 30 dollars,
4230 2867 66 22 S(KM)
4311 2864 96 26 dollars
4423 2865 116 30 Auijusln
4561 2870 96 27 luiinhj
4682 2867 118 31 Pirginii.
4818 2869 99 27 Bonds,

3979 2895 154 33 uitgegeven
4149 2896 94 32 tijdens
4260 2896 31 26 de
4310 2896 113 26 rebellie.
4443 2896 45 32 3Vü
4507 2896 96 31 dollars
4622 2894 28 30 cii
4669 2901 90 28 51,700
4775 2898 96 26 dollars
4889 2898 27 26 iv

3976 2924 222 34 laatstgenoemde
4219 2930 79 24 bonds
4317 2936 30 19 en
4365 2929 26 25 in
4409 2929 149 32 paniergeld
4577 2929 60 26 zelfs
4658 2935 28 21 13
4707 2930 96 26 dollars
4819 2940 39 22 op.
4877 2931 39 25 De

3978 2960 124 26 vrachten
4117 2968 32 25 op
4167 2960 158 34 zeilschepen
4351 2968 47 18 van
4426 2955 103 39 Europa
4545 2969 64 18 naar
4625 2962 57 26 hier
4698 2962 48 34 zijn
4766 2962 148 39 goedkoop;

3976 2991 47 28 het
4037 2987 80 32 zoude
4135 2993 47 25 dus
4200 2993 30 26 de
4246 2994 94 25 moeite
4359 2992 85 28 waard
4462 2994 64 32 zijn.
4554 3004 45 17 een
4625 3004 61 24 paar
4703 2995 76 28 balen
4806 3005 47 15 van
4874 2996 40 25 die

3977 3022 119 39 papieren
4121 3025 79 25 thans
4215 3030 64 20 naar
4298 3025 146 26 New-Vork
4465 3027 26 25 te
4518 3027 111 26 zenden,
4656 3027 89 25 vooral
4769 3027 87 25 omdat
4874 3028 41 25 die

3977 3054 99 30 huizen,
4106 3058 79 25 welke
4212 3058 46 26 den
4278 3059 143 26 Sc/iwindel
4436 3066 107 22 vroeger
4560 3058 191 34 negocieèrtlen,
4768 3066 28 19 Wi
4811 3061 2 5 '

3976 3089 126 31 schijnlijk
4121 3090 30 24 de
4168 3091 154 32 toezending
4337 3092 87 22 franco
4442 3099 31 24 op
4486 3092 53 24 zich
4559 3092 97 24 zouden
4676 3099 97 17 nemen.
4798 3092 35 24 De
4852 3092 50 25 dooi-

3977 3120 47 25 den
4043 3120 74 26 kabel
4128 3122 39 25 uit
4175 3122 104 26 Londen
4293 3123 117 34 gemelde
4419 3122 240 35 koefsverbetering
4671 3124 44 24 der
4733 3125 181 26 Confedcratc-

3976 3152 97 31 Bonds,
4090 3162 129 19 waarvoor
4228 3155 38 25 als
4277 3155 80 33 grond
4369 3156 81 25 wordt
4460 3164 163 24 aangegeven
4636 3152 28 30 de
4676 3157 25 24 te
4713 3150 96 39 openen
4822 3156 76 25 onder-

3976 3185 171 31 handelingen
4175 3194 61 18 over
4257 3187 31 25 de
4311 3184 260 32 Alabama-kwcstie,
4598 3189 70 25 moet
4682 3194 65 19 naar
4762 3188 43 25 alli

3976 3216 187 44 schijnlijkheid
4180 3227 48 18 aan
4257 3219 47 27 den
4323 3214 81 40 afloop
4430 3219 45 27 der
4494 3219 123 27 bedoelde
4636 3220 157 34 Verkooping
4809 3221 103 27 worden

4218 3333 476 40 BINNENLAND.

4168 3425 233 30 AMSTERDAM,
4419 3426 128 32 Zaterdag
4569 3430 8 21 1
4597 3426 107 27 Januari.

4004 3468 59 26 Men
4084 3469 158 27 verwachtte
4265 3470 73 26 reeds
4355 3470 130 34 gisteren,
4504 3471 46 27 dat
4569 3471 46 27 het
4631 3472 115 27 Journal
4760 3474 99 31 officiel
4876 3472 32 28 de

3971 3507 90 21 namen
4084 3502 164 26 mededeeleii
4265 3503 80 26 zoude
4363 3513 50 17 van
4433 3506 44 25 het
4494 3506 98 25 nieuwe
4610 3506 118 26 fransche
4748 3497 158 37 ministerie,

3970 3541 72 17 maar
4059 3534 69 25 werd
4147 3534 26 25 in
4202 3535 40 25 die
4270 3536 176 31 verwachting
4472 3537 191 30 teleurgesteld.
4691 3537 57 25 Wel
4769 3539 137 26 verscheen

3970 3566 45 25 het
4033 3566 58 25 blad
4110 3567 67 25 later
4194 3567 48 25 dan
4261 3568 161 31 gewoonlijk,
4440 3569 38 25 als
4495 3569 27 25 of
4532 3579 58 17 men
4602 3579 53 22 nog
4663 3570 40 25 tot
4713 3579 33 24 op
4755 3569 40 27 he:

3970 3598 136 31 oogenblik
4124 3599 30 25 de
4172 3599 93 32 tijding
4283 3600 51 25 had
4352 3595 84 31 willen
4454 3609 131 22 opnemen,
4596 3611 73 17 maar
4678 3611 64 15 naar
4754 3602 45 25 het
4809 3602 96 32 schijnt

3970 3630 71 26 heeft
4058 3630 106 27 Ollivier
4181 3631 196 33 moeilijkheden
4396 3632 180 27 ondervonden
4591 3633 35 32 bij
4644 3640 132 28 personen,
4796 3644 31 24 op
4846 3635 63 24 wier

3970 3672 46 24 ten
4035 3670 133 30 weigeren.
4328 3674 33 5 ...
4377 3666 5 9 '
4396 3665 45 19 ...,,i
4469 3666 15 21 ),
4512 3676 12 14 v
4551 3669 34 26 _,-__
4604 3661 18 31 J
4622 3678 13 15 o
4636 3677 15 15 n
4662 3667 63 26 heer
4739 3667 90 27 lluffet.
4840 3669 64 27 wien

4004 3693 113 40 Volgens
4143 3707 45 20 een
4214 3700 113 32 gisteren
4345 3698 40 25 uit
4401 3697 83 33 Parijs
4501 3697 146 32 ontvangen
4665 3698 133 27 telegram'
4811 3704 46 14 w»
4876 3710 32 7 ~~

3972 3736 60 24 heer
4052 3732 28 28 de
4100 3735 25 24 la
4143 3732 170 26 (iuerronière
4332 3730 94 33 zitting
4448 3730 102 26 hebben
4567 3729 27 27 in
4612 3728 45 27 het
4681 3726 98 27 nieuwe
4795 3725 115 27 kabinet.

3972 3767 91 26 Heden
4080 3767 87 25 echter
4185 3765 83 24 wordt
4284 3764 64 24 door
4361 3762 185 26 verschillende
4557 3761 148 32 dagbladen
4715 3761 46 28 (zie
4772 3759 136 31 telegram)

4071 3798 54 25 aeel
4144 3798 91 25 andere
4254 3797 52 31 lijst
4322 3795 191 32 medegedeeld,
4532 3793 80 27 onder
4630 3791 162 43 bijvoe-ging,
4811 3789 45 25 dat
4869 3789 40 26 die

3972 3841 104 18 morgen
4096 3831 25 25 in
4139 3831 46 25 het
4202 3831 112 25 Journal
4332 3830 89 30 officiel
4446 3827 40 27 zal
4505 3826 168 32 verschijnen.
4700 3824 50 27 Zoo
4770 3828 61 24 lang
4850 3830 59 19 men

3972 3866 148 22 intusschen
4147 3872 77 20 geene
4251 3862 135 24 volkomen
4410 3860 133 26 zekerheid
4566 3857 69 27 beeft
4654 3866 46 17 zou
4719 3857 46 25 het
4782 3855 59 32 ijdel
4860 3863 47 22 zijn

3973 3896 56 27 zich
4050 3898 28 25 te
4096 3896 136 32 verdiepen
4250 3894 26 26 in
4296 3893 214 31 beschouwingen
4534 3889 113 30 Omtrent
4674 3888 33 26 de
4726 3895 124 27 personen
4869 3886 40 26 «lic

3973 3938 31 24 Oji
4022 3930 60 25 deze
4101 3930 164 31 voorloopige
4283 3927 85 31 lijsten
4385 3921 161 30 voorkomen.

4006 3963 38 26 De
4067 3964 87 24 Patrie
4170 3960 100 33 spreekt
4291 3959 41 26 ten
4351 3958 128 33 stelligste
4496 3957 31 26 de
4547 3954 135 26 berichten
4700 3954 78 32 tegen
4795 3952 115 26 omtrent

3973 3994 100 26 eischen
4094 4003 47 17 van
4160 3993 48 25 den
4226 3993 86 25 sultan
4331 4000 50 17 aan
4398 3992 47 25 den
4465 3989 107 26 khedive
4591 3990 41 22 tot
4649 3986 156 32 uitlevering
4820 3992 48 18 van
4878 3984 31 26 de

3972 4030 106 26 200,000
4095 4035 115 25 geweren
4220 4033 5 25 |
4244 4025 41 25 die
4306 4025 26 24 in
4354 4024 48 25 den
4420 4023 111 26 laatsten
4550 4019 46 32 tijd
4613 4026 61 17 voor
4693 4018 44 25 het
4755 4017 150 32 egyptische

3974 4058 69 33 leger
4070 4050 50 41 zijn
4144 4057 119 34 gekocht.
4289 4056 139 26 Trouwens
4453 4055 39 26 dit
4511 4052 70 33 cijfer
4597 4050 52 26 zelf
4662 4058 22 18 is
4704 4056 56 19 zeer
4779 4050 129 32 vergroot.

3974 4093 38 26 De
4041 4091 109 26 khedive
4176 4091 69 26 bezit
4263 4090 54 25 niet
4335 4096 69 19 meer
4420 4088 52 27 dan
4492 4088 87 30 40,000
4596 4082 211 35 naaldgeweren,
4825 4082 81 26 welke

3974 4124 69 26 allen
4068 4123 72 26 reeds
4162 4123 27 25 in
4207 4123 103 25 handen
4329 4121 48 33 zijn
4395 4129 51 18 van
4462 4121 45 25 het
4524 4117 150 34 egyptische
4695 4116 70 32 leger
4879 4128 30 5 —

3974 4157 59 33 zegt
4057 4156 46 26 het
4124 4155 61 26 blad
4211 4154 56 26 niet
4291 4154 92 26 zonder
4407 4154 90 32 eenige
4514 4148 118 35 ondeugd
4651 4165 31 2 —
4702 4155 43 21 «er
4760 4148 149 25 uitstekend

3976 4189 72 25 mede
4064 4189 66 25 weet
4150 4196 41 18 om
4208 4188 25 25 te

4005 4221 39 25 De
4070 4221 77 25 Dalie
4167 4219 193 32 maakt'eenige
4378 4217 183 34 opmerkingen
4580 4221 60 19 over
4656 4214 47 25 het
4722 4214 109 30 onlangs
4848 4214 46 22 ont-

3974 4261 102 26 vangen
4093 4252 117 32 bericht,
4227 4252 113 26 omtrent
4356 4258 61 20 eene
4434 4248 146 37 algemeene
4600 4247 189 31 ontwapening,
4808 4244 40 26 die
4866 4250 45 20 ons

3974 4293 59 17 zeer
4055 4285 65 32 juist
4146 4285 162 25 voorkomen.
4342 4284 91 25 Indien
4453 4280 131 31 werkelijk
4602 4279 45 25 het
4663 4278 113 26 voorstel
4792 4278 43 25 tot
4850 4283 60 19 eene

3976 4317 145 34 algemeene
4146 4325 32 18 en
4193 4316 169 33 gelijktijdige
4383 4312 181 35 ontwapening
4583 4310 69 26 werd
4668 4310 106 30 gedaan,
4793 4309 58 32 zegt
4869 4307 40 25 dit

3976 4349 77 31 blad,
4078 4349 97 26 zouden
4195 4349 40 33 wij
4254 4356 71 19 vrees
4342 4348 135 26 koesteren
4492 4351 63 21 voor
4570 4344 47 26 het
4633 4343 145 27 uitbarsten
4798 4348 50 19 van
4864 4346 46 19 een

3976 4382 97 32 oorlog.
4102 4382 56 26 Hoe
4174 4382 100 26 minder
4291 4388 58 19 men
4367 4381 125 24 daarover
4507 4376 104 34 spreekt
4629 4375 43 26 des
4688 4376 26 24 te
4733 4375 89 25 beter,
4841 4374 70 24 want

3976 4414 51 28 dan
4043 4422 67 26 gaan
4127 4414 32 27 de
4175 4414 80 27 zaken
4274 4413 64 28 haar
4355 4409 175 34 natuurlijken
4547 4415 61 26 weg,
4628 4406 120 33 namelijk
4765 4406 76 27 deze,
4866 4406 45 26 dat

3976 4447 217 32 langzamerhand
4211 4447 30 25 de
4257 4446 128 32 spanning
4403 4444 119 25 afneemt,
4539 4441 31 26 de
4589 4442 194 30 buitengewone
4800 4439 96 25 maatre-

3976 4479 76 33 gelen
4069 4479 102 26 worden
4188 4478 178 28 ingetrokken,
4384 4475 30 24 de
4433 4475 123 31 uitgaven
4573 4480 61 17 voor
4651 4469 194 32 oorlogskosten
4857 4474 41 18 ver-

3976 4512 131 26 minderen
4133 4520 30 15 en
4180 4519 57 17 men
4257 4509 46 26 dus
4320 4507 149 32 ontwapent
4486 4505 93 27 zonder
4596 4504 46 25 het
4656 4504 26 22 te
4700 4501 144 25 bemerken.
4880 4501 28 22 In

3976 4544 31 25 de
4031 4545 94 25 laatste
4152 4543 73 26 halve
4252 4550 69 15 eeuw
4346 4538 69 30 heeft
4441 4545 57 20 men
4524 4538 47 30 vijf
4585 4535 83 24 malen
4687 4543 59 15 «ene
4765 4533 132 31 algenna-n.-

3976 4576 136 32 wapening
4127 4574 96 33 gezien.
4247 4572 32 26 In
4298 4574 63 24 1830
4375 4578 34 18 na
4426 4570 31 26 de
4473 4566 267 32 Juli-omwentehng;
4759 4572 26 19 in
4806 4567 61 22 1840
4876 4569 34 22 na

3976 4609 31 26 de
4024 4607 119 26 onlusten
4159 4607 27 24 in
4206 4605 87 31 Syrië;
4318 4604 27 27 in
4365 4604 60 25 1858
4443 4610 33 19 na
4493 4600 31 27 cle
4539 4597 322 37 februarij-omwentelmg
4879 4604 31 19 en

3976 4642 40 25 tot
4037 4646 50 19 aan
4103 4638 48 25 den
4168 4636 90 33 oorlog
4274 4636 26 25 in
4318 4636 30 24 de
4367 4635 90 28 Krim;
4478 4633 27 25 in
4526 4636 63 25 1860
4605 4642 34 15 na
4656 4632 50 28 den
4723 4630 188 26 italiaanschen

3976 4671 89 33 oorlog
4081 4680 31 18 en
4129 4669 120 32 eindelijk
4264 4669 27 25 in
4312 4669 67 26 1866.

4006 4704 64 26 Elke
4088 4702 133 32 wapening
4238 4701 22 27 is
4276 4701 112 33 gevolgd
4404 4700 63 28 door
4485 4708 59 20 eene
4561 4698 71 32 bijna
4649 4697 148 32 algemeene
4813 4697 83 24 ontw*-

3976 4736 107 33 pening,
4102 4734 93 26 zonder
4212 4734 45 26 dat
4274 4736 124 24 daarover
4415 4731 194 28 onderhandeld
4626 4729 67 26 werd
4719 4736 32 18 en
4766 4727 84 27 alleen
4866 4727 44 22 ten

3974 4767 106 34 gevolge
4100 4775 48 18 van
4166 4767 32 26 de
4222 4766 194 27 vredelievende
4444 4765 99 34 rigting
4569 4763 44 25 der
4637 4760 118 35 publieke
4781 4763 126 25 meening.

3973 4800 47 28 Dit
4035 4799 24 26 is
4075 4799 45 27 zóó
4139 4807 76 22 waar,
4231 4800 47 26 «dat
4296 4799 136 33 Frankrijk
4450 4799 26 25 in
4498 4800 59 22 1866
4576 4793 154 32 ontwapend
4748 4799 58 17 was.
4817 4793 93 20 zonder

3974 4828 45 33 dat
4039 4840 57 18 men
4113 4832 46 26 het
4179 4833 58 26 wist
4254 4843 31 17 en
4302 4832 64 30 zelfs
4381 4826 31 32 dé
4429 4831 83 25 keizer
4537 4827 92 24 scheen
4646 4825 112 24 daarvan
4778 4820 132 32 onkundig

3973 4865 27 26 te
4017 4864 57 33 zijn.
4094 4865 44 26 Dit
4155 4866 50 31 ligt
4224 4866 51 26 dan
4291 4866 48 25 ook
4355 4865 26 25 in
4402 4864 48 24 deh
4467 4859 61 26 arm!
4546 4859 45 22 d,-r
4607 4856 70 25 zaak.
4696 4856 69 24 Eene
4781 4860 129 24 spanning

3973 4897 80 26 duurt
4070 4898 54 27 niet
4137 4899 77 31 jaren
4230 4899 61 31 lang
4309 4906 31 17 eu
4356 4903 60 18 eene
4433 4891 69 26 natie
4518 4890 70 26 blnft
4605 4892 117 20 evenmin
4734 4884 175 27 voortdurend

3974 4930 155 34 gewapend,
4147 4931 38 27 als
4206 4939 45 18 een
4270 4925 165 31 schildwacht
4452 4923 46 24 den
4518 4919 123 33 geheelen
4657 4917 51 35 dag
4724 4917 187 34 gereedstaat,

3978 4971 43 18 om
4038 4972 46 17 een
4094 4964 91 25 aanval
4202 4964 28 25 af
4243 4965 27 22 te
4284 4962 78 26 slaan.

4007 5052 53 26 Het
4084 5043 150 31 Staatsblad
4326 5040 50 22 212
4401 5035 80 26 bevat
4511 5036 31 27 de
4567 5040 53 26 wet
4636 5047 51 19 van
4704 5042 28 25 31
4753 5041 61 26 Dec.
4833 5043 77 25 1869,

3973 5080 133 28 houdende
4131 5073 151 32 aanwijzing
4300 5074 50 20 van
4369 5068 31 27 de
4416 5069 133 30 middelen
4566 5073 43 26 ter
4623 5073 175 35 goedmaking
4813 5080 47 17 van
4878 5070 31 22 de

3974 5115 119 22 uitgaven
4107 5128 4 6 .
4127 5107 130 31 begrepen
4283 5101 26 26 in
4329 5101 31 28 de
4376 5104 229 35 staatsbegooting
4622 5112 64 19 voor
4701 5105 45 25 hot
4763 5100 138 28 dienstjaar

3978 5147 73 22 1870-
4080 5148 30 15 «n
4135 5139 46 24 het
4207 5137 152 27 Staatsblad
4387 5138 44 27 N°.
4448 5143 50 22 213
4514 5138 30 26 de
4563 5138 51 25 wet
4630 5144 47 15 van
4694 5138 28 20 31
4742 5133 58 22 Dec.
4824 5131 73 21 1869.

3971 5172 136 26 houdende
4123 5170 184 33 toestemming
4319 5172 41 25 tot
4370 5172 31 26 de
4414 5165 306 35 huwelijksvc-rbrndteme
4729 5166 48 17 run
4786 5163 22 20 H
4831 5163 30 18 iv.
4870 5163 32 18 tl.

3971 5204 98 31 prinses
4089 5203 169 27 Wilhelmina
4277 5204 138 28 Froderika
4433 5204 54 24 Am,
4638 5191 152 21 (.Mariade.

3970 5230 104 32 landen.
4625 5261 6 2 .

4071 5311 7 15 1
4126 5311 6 5 •
4152 5310 64 17 ii-u-
4239 5301 92 26 besluit
4348 5301 45 15 van
4411 5294 32 21 30
4461 5288 116 26 Oktober
4597 5290 77 25 1869,
4693 5287 44 28 N°.
4755 5290 48 32 22,
4821 5289 22 30 is
4860 5290 46 31 be-

4005 5309 41 37 Bij
4061 5309 280 52 .komn^^^Thet
4358 5320 123 27 notarieel
4499 5320 120 28 afschrift,
4629 5321 45 28 der
4684 5322 224 35 Akte,houdende

3973 5352 130 33 wijliging
4117 5352 65 17 vene
4243 5361 19 20 s(
4263 5367 8 5 ,
4273 5357 20 24 lt
4296 5356 61 22 „ten
4376 5362 50 17 van
4440 5354 32 27 de
4491 5356 150 30 naamlooze
4649 5362 210 34 vennootschap:
4876 5365 33 25 do

3976 5387 203 48 Véa^frlrindsche
4196 5393 103 22 Glasver
4304 5388 324 41 zekermg-tnmtschappij
4638 5415 6 12 ,
4661 5395 78 27 thans
4754 5398 28 24 te
4791 5398 117 31 vestigen

3976 5445 24 20 te
4016 5430 155 32 «otterdam.

4000 5486 24 22 Z.
4043 5481 34 24 M.
4095 5478 87 27 heeft:
4254 5486 27 24 Be
4283 5483 58 27 rvol
4361 5485 136 33 ontslagen
4512 5485 50 24 den
4578 5481 63 24 heer
4654 5483 46 18 mr.
4720 5469 27 30 6.
4762 5472 139 47 ™n.Tfon-

3969 5524 31 22 oji
4016 5513 71 24 diens
4104 5512 118 31 verzoek,
4239 5516 40 28 als
4294 5518 208 32 schoolopziener
4526 5513 25 22 in
4569 5510 45 25 het
4629 5510 48 24 4de
4706 5510 197 21 schoolülstriKt

3967 5546 46 25 der
4029 5544 132 33 provincie
4179 5549 161 33 Groningen,
4354 5551 77 26 onder
4441 5543 204 32 dankbetuiging
4659 5539 100 27 voorde
4773 5539 132 27 doorhem

3966 5577 120 30 bewezen
4106 5580 135 37 diensten;
4253 5601 28 4 —
4283 5574 44 38 V.
4335 5574 5 7 '
4344 5577 122 31 benoemd
4487 5576 31 33 bij
4538 5576 45 26 het,
4602 5576 180 33 departement
4791 5583 50 19 van
4850 5584 38 19 ma-

3969 5611 54 27 rine
4041 5614 44 27 tot
4101 5615 175 31 hoofdkomm.
4294 5617 47 25 den
4361 5614 91 22 konim.
4469 5609 40 26 W.
4528 5609 24 26 J.
4571 5609 35 26 M.
4624 5609 93 26 Asinus
4733 5619 32 17 en
4781 5609 126 30 benoemd

3969 5646 43 27 tot
4030 5648 161 35 adj.-komm.
4201 5653 48 25 den
4263 5648 97 26 eersten
4370 5642 73 26 klerk
4453 5642 35 32 bij
4500 5642 45 26 dat
4556 5642 54 33 dep.
4620 5642 28 26 F.
4659 5642 59 32 Jas;
4737 5642 34 32 bij
4791 5642 45 25 het
4853 5642 54 32 dep.

3970 5687 52 21 van
4031 5685 126 27 tinantien
4168 5686 39 24 tot,
4217 5685 91 22 komm.
4318 5678 47 25 den
4376 5676 61 26 heer
4448 5676 27 26 E.
4486 5676 30 26 A.
4525 5676 25 25 J.
4561 5676 131 30 Furstner;
4702 5691 31 4 —
4785 5674 124 26 benoemd

3971 5713 37 30 bii
4026 5718 50 27 den
4094 5712 191 33 riiksteleg.'aaf
4298 5711 41 25 tot
4357 5709 213 27 onderdirekteur
4578 5709 45 24 der
4636 5707 93 26 lstekl.
4739 5707 27 26 E.
4779 5707 28 26 F.
4818 5707 90 25 Vivkc

3973 5751 80 28 thang
4069 5746 210 32 ond'erdircktcur
4298 5744 50 26 2de
4368 5743 51 31 kl.-,
4436 5748 40 20 tot
4495 5743 144 30 tebgratist
4659 5743 39 22 lte
4714 5739 35 26 kl.
4767 5739 28 26 L.
4814 5739 28 26 F.
4861 5746 48 18 van

3976 5785 116 26 Heumen
4116 5781 27 25 F.
4165 5779 24 25 J.
4207 5778 32 26 H.
4257 5778 149 26 Huvsmans
4416 5776 69 26 enP.
4498 5774 24 26 J.
4531 5772 379 33 Hogerzeihtottelegrafisten

3974 5818 47 26 2de
4041 5816 26 25 kl
4093 5813 27 25 F.
4139 5811 79 30 Stoel,
4237 5811 24 26 J.
4278 5811 40 26 W.
4337 5818 50 18 van
4404 5809 45 25 der
4466 5806 111 31 Noorda,
4594 5806 33 25 H.
4641 5806 27 25 L.
4680 5805 158 32 Peerlkamp,
4848 5803 24 26 J.
4881 5803 30 26 L.

3977 5846 129 27 Yerme.it,
4126 5844 24 26 .T.
4168 5845 30 25 li.
4217 5844 170 27 Bemelmans,
4403 5841 31 26 A.
4452 5841 59 30 Pot,
4528 5839 32 26 H.
4578 5838 25 25 J.
4620 5837 31 26 de
4668 5837 97 28 Boeuff,
4782 5836 22 25 A
4820 5835 30 27 J.
4863 5843 50 19 van

3976 5878 116 31 Beek,L.
4108 5876 137 31 Brondert,
4256 5876 33 26 H.
4302 5876 24 24 F.
4336 5872 151 31 Bordewijk,
4505 5871 31 25 A.
4556 5870 123 25 Oudshotl
4697 5877 31 15 en
4737 5870 17 24 J
4774 5869 37 24 Wf.
4822 5869 27 24 L.
4861 5876 48 18 van

3976 5911 130 30 Biilevelt;
4121 5911 43 25 tot
4178 5909 144 33 telegrafist
4331 5907 47 27 3de
4394 5906 45 31 kl.,
4449 5913 34 17 na
4492 5902 119 33 afgelegd
4619 5909 112 19 examen,
4740 5901 33 27 H.
4785 5901 30 27 G.
4833 5901 64 31 Berg-

3976 5946 59 26 huis
4050 5954 17 15 v
4093 5944 151 25 Woortman
4261 5949 31 18 en
4310 5941 25 26 J.
4352 5940 30 26 A.
4402 5939 30 25 de
4449 5937 70 25 Man:
4538 5950 31 5 —
4580 5935 34 26 4°.
4624 5934 193 33 overgeplaatst
4822 5933 34 32 bij
4867 5933 47 25 het

3976 5979 99 32 depart.
4087 5985 48 19 van
4144 5974 124 27 finantiën
4277 5974 53 25 met
4346 5972 53 26 hun
4413 5968 224 32 tegenwoordigen
4645 5974 73 22 r»ng:
4726 5968 43 25 W.
4776 5965 60 26 CA
4856 5965 44 24 sta-

3976 6012 60 27 ring
4059 6007 169 32 referend.bij
4245 6007 47 26 het
4305 6013 59 25 uep.
4381 6012 51 18 vau
4448 5999 115 28 bninenl.
4578 6000 93 30 zaken;
4688 5999 27 26 E.
4726 5999 188 27 Wenckebacji,

3977 6045 78 25 ineen
4065 6051 50 18 van
4123 6041 48 25 den
4181 6038 197 33 rijkstelegraaf,
4395 6037 24 24 J.
4437 6034 34 25 .AI.
4491 6033 111 26 Collette
4613 6052 5 6 .
4636 6032 185 30 adsist.-ingen.
4835 6030 33 30 bij
4879 6028 33 24 id.

3977 6077 18 26 J
4020 6076 17 27 J
4062 6076 22 26 A
4111 6066 112 37 Stiitze'r,
4239 6070 123 28 kommies
4380 6076 32 26 op
4428 6066 52 27 het.
4491 6065 97 28 bureau
4604 6072 50 19 van
4672 6064 47 25 den
4735 6069 135 27 ingenieur
4879 6061 33 30 bij

3977 6110 83 25 idem-
4081 6107 25 24 P.
4120 6105 22 27 J
4167 6113 50 18 van
4235 6104 28 25 de
4281 6102 120 27 Kasteel,-
4420 6109 30 15 en
4469 6098 38 26 W.
4527 6097 26 27 G.
4573 6098 27 25 P.
4619 6104 47 18 van
4687 6096 45 25 der
4744 6094 80 30 Burg,
4844 6093 57 25 kom

3979 6141 96 27 miczen
4093 6139 39 24 ter
4150 6136 117 27 kontrole
4278 6135 35 32 bij
4331 6133 81 30 idenr,
4422 6145 31 5 -
4470 6128 176 47 s%benoemd
4654 6128 41 24 tot
4703 6124 150 33 mSpekteur
4863 6131 48 18 van

3980 6175 47 24 den
4054 6168 193 34 rijkstelegraaf
4269 6168 30 26 A.
4323 6167 33 25 H.
4382 6172 50 18 van
4449 6162 87 31 ïluel,
4563 6163 43 25 tot
4624 6158 196 28 hoofdcommies
4838 6157 31 25 H.

3981 6204 111 30 Stokvis,
4111 6204 40 24 tot
4170 6202 157 33 adj.-komm.
4344 6198 28 27 P.
4391 6191 39 46 %
4450 6196 31 26 H.
4502 6193 138 31 Linctens,
4663 6191 30 25 A.
4710 6183 102 35 fint,
4830 6185 39 27 W.

3981 6236 129 30 Geerling,
4128 6236 27 25 O.
4172 6235 27 25 M
4225 6234 25 24 .1.
4267 6231 119 26 Plokker.
4404 6229 34 25 M.
4457 6228 27 25 P.
4504 6227 31 26 de
4552 6226 83 30 Jonge
4652 6222 119 32 Lughtcn
4789 6215 31 31 én

3981 6270 20 26 ü
4031 6255 164 41 Eneeibrégt.
4225 6263 91 28 Voorts
4328 6261 106 33 bepaald

3980 6309 51 18 van
4048 6301 50 25 den
4115 6296 193 32 rijkst.-„graaf
4322 6295 24 25 J.
4364 6294 22 25 J.
4407 6300 47 15 van
4472 6287 138 31 Kerkwijk,
4629 6287 38 25 als
4684 6294 132 22 ingenieur
4833 6294 27 19 m
4878 6286 24 26 al-

3981 6340 138 30 gemeenen
4128 6328 91 33 dienst,
4228 6318 34 44 6ij
4280 6327 31 26 de
4329 6320 265 39 rijkstelegraattijnen
4609 6318 145 26 werkzaam
4772 6318 78 33 blijft,

4015 6403 39 28 Bü
4080 6398 169 32 beschikking
4272 6404 50 15 van
4345 6393 50 25 den
4420 6391 117 27 minister
4563 6398 48 18 van
4637 6389 115 27 binnenl.
4770 6390 78 25 zaken
4867 6396 47 18 van

3981 6439 30 24 31
4038 6437 61 24 Dec.
4117 6436 76 25 1863,
4211 6430 20 24 is
4247 6428 31 27 de
4294 6425 73 27 klerk
4388 6424 32 33 bij
4439 6424 50 27 den
4505 6422 195 35 rijkstelegraaf
4715 6423 40 26 W.
4773 6422 25 28 J.
4817 6423 32 25 D.
4867 6429 47 19 van

3983 6456 150 39 biivsiierg,
4153 6470 32 24 op
4202 6461 72 25 diens
4290 6459 110 26 verzoek
4419 6458 54 26 met
4488 6458 98 32 ingang
4603 6465 51 18 van
4672 6459 9 22 1
4703 6456 59 26 Jan.
4785 6457 63 26 1870
4863 6462 39 19 eer-

3983 6500 43 25 vol
4042 6496 143 30 ontslagen.

4015 6563 40 26 Zr.
4072 6562 47 26 Ms.
4137 6561 235 32 raderstoomschip
4389 6560 30 26 de
4439 6559 80 26 Valk.
4538 6556 79 26 onder
4633 6555 73 26 bevel
4726 6562 51 18 van
4796 6554 20 27 d<

3983 6594 197 30 tein-luitenant
4198 6595 40 26 ter
4256 6602 43 18 zee
4317 6594 32 26 N.
4367 6592 34 26 M.
4419 6591 25 26 J.
4461 6589 94 31 Kroef,
4574 6589 37 28 is,
4631 6587 106 33 volgens
4756 6594 46 17 een
4821 6586 33 30 bij
4876 6586 31 21 he

3983 6628 180 33 departement
4179 6638 50 17 van
4248 6627 97 26 marine
4363 6624 152 33 ingekomen
4532 6621 133 34 telegram,
4684 6620 47 26 den
4749 6620 89 25 30sten
4850 6620 70 22 det>\

3983 6669 52 21 van
4051 6661 152 28 Alexaudrië
4222 6667 61 19 naar
4302 6666 40 19 zee
4361 6657 162 26 vertrokken.
4550 6654 57 25 Aan
4626 6652 80 26 boord
4719 6658 51 19 was
4781 6652 61 22 alles
4853 6654 15 18 »
4877 6652 45 31 si.,.
