5067 6898
104 79 31 32 te
163 86 100 31 genioet
281 80 137 39 gekorae*,.
462 92 24 26 ,r,
489 102 21 18 la
515 99 13 20 r
549 91 38 28 als
605 87 32 32 de
653 89 137 39 regeering
808 100 64 25 geen
889 91 94 28 middel
1004 99 50 20 van

105 118 146 32 verlossing
276 118 71 25 heelt-
361 146 5 8 _
393 133 50 19 ,_.,„
470 128 59 25 (-,„._,
548 126 24 26 h
574 136 6 8 ,
582 138 5 13 l
589 137 5 6 .
598 126 22 26 (t
638 126 15 26 j
656 135 12 18 e
684 118 34 34 j_.,
722 135 53 18 lner
772 120 4 5 '
791 135 19 18 Zl
814 136 15 17 ,_
831 133 30 19 To
880 126 5 7 -
887 128 12 25 t
915 125 35 27 mi
953 125 21 27 ,|,
976 125 24 27 lo
1002 125 7 17 i
1029 125 27 27 in

106 152 111 27 handen,
236 158 125 32 namelijk
381 161 24 25 te
424 158 129 35 beginnen
570 161 53 26 met
641 161 31 26 de
691 161 124 33 uitgaven
833 169 31 18 en
881 162 67 25 eerst
959 158 97 28 daarna

107 187 32 22 de
167 187 50 24 mul
233 191 66 26 .elen
317 195 57 22 vast
392 195 25 22 te
433 194 99 25 stellen.
568 194 43 33 Hij
631 194 98 30 erkent,
746 194 46 25 dat
810 201 27 18 er
855 194 135 26 bezwaren
1005 194 51 32 zijn

107 219 85 38 *«s('a
209 223 46 28 dat
274 224 104 28 heroïke
396 226 103 32 middel,
517 235 72 20 maar
605 226 32 30 de
656 228 87 26 kamer
751 235 47 19 zou
809 226 180 28 verantwoord
998 227 58 31 Zijn.

145 261 38 22 iJe
209 259 61 26 heer
295 261 66 25 (Jost
386 261 125 26 Jokdens
536 261 137 33 bespreekt
699 262 31 25 de
757 262 64 25 zaak
846 259 45 28 der
917 261 128 25 schatkist-

113 289 130 30 biljetten.

145 322 39 27 De
203 325 61 25 heer
281 326 164 26 Jlessciiert
463 334 56 18 van
535 327 189 25 Vollf.Niiove
741 327 93 31 Vraagt
848 326 144 32 inlichting
1009 333 33 18 no-

111 363 65 26 pens
202 358 48 25 art.
268 360 15 22 3
311 358 44 24 d.r
378 360 50 22 wet
450 366 32 25 op
500 359 30 25 de
548 358 137 28 midilelen,
703 358 72 25 mede
794 358 27 25 in
837 358 116 25 Verband
969 359 41 24 tot
1028 358 30 24 de

109 389 152 26 eventueclc
280 390 106 33 uitgifte
405 396 51 19 van
472 390 260 33 schatkistbiljetten.

145 422 39 25 De
209 422 64 25 heer
300 422 131 26 Franken'
457 431 24 17 v.
502 431 27 17 ».
555 423 91 25 Putte
672 423 20 24 is
718 423 20 24 't
756 423 53 24 met
833 423 93 24 andere
945 422 116 31 sprekers

110 461 63 18 eens
197 461 63 18 over
282 452 22 26 't
330 454 119 31 ongerief
472 454 63 26 door
553 454 30 25 de
600 454 152 32 Vertraging
770 462 52 17 van
839 454 31 25 de
886 454 175 32 behandeling

110 484 50 26 der
188 484 163 33 begrooting.
379 494 71 17 maar
477 487 52 24 niet
555 491 63 19 over
643 485 20 25 't
679 484 96 26 middel
803 488 34 20 t-<
868 485 97 25 herstel
985 485 26 25 in
1030 485 31 25 de

111 517 113 26 stukken
243 524 175 25 aangegeven,
437 526 30 18 en
487 526 52 24 nog
555 517 57 26 veel
628 517 100 26 minder
741 522 53 21 niet
803 515 53 33 dat,
868 517 64 26 door
940 517 48 26 den
1002 517 60 26 beer

113 556 53 19 van
184 549 150 27 Swinderen
353 560 46 15 aan
419 550 32 25 de
470 549 71 27 hand
559 549 107 34 gedaan.

144 581 45 31 Hij
209 583 93 28 meent,
320 582 44 25 dat
384 581 46 27 het
448 585 91 30 groote
556 581 175 27 struikelblok
748 582 22 26 is
787 582 30 26 de
827 582 53 26 late
888 581 175 35 behandeling

111 613 46 26 der
175 615 116 25 Indische
309 614 163 31 begrooting.

145 646 64 26 Wat
235 646 32 26 de
294 646 253 34 schatkistbiljetten
573 647 120 33 aangaat.
711 648 117 26 Wenscht
844 647 37 33 hij
900 647 46 26 dat
961 647 102 39 ze_nie't

111 680 91 25 sullen
229 679 103 27 worden
359 680 163 32 uitgegeven,
542 678 61 28 vóór
620 680 47 26 «lat
685 679 31 27 de
736 684 57 25 wet.
811 681 40 25 die
869 673 149 41 aaahahgig
1035 680 28 32 is,

113 712 163 33 vastgesteld
301 712 40 26 zal
367 712 57 33 zijn.
459 712 33 26 In
519 711 69 28 allen
613 712 77 34 geval
713 710 44 30 Wil
774 712 37 33 hij
829 712 63 27 door
908 715 155 31 aanneming

111 745 48 25 der
185 745 52 25 wet
262 752 33 26 op
320 745 33 26 de
373 745 131 26 middelen
529 744 57 27 niet
602 745 135 34 gehonde*
756 745 51 34 zijn
824 748 113 24 omtrent
954 745 31 26 de
1003 754 46 18 aan-

111 776 118 32 hangige
247 778 59 25 wet.

145 810 40 26 De
213 810 61 26 heer
300 810 65 26 Vit»
378 817 31 19 ly
432 810 86 28 meent
536 811 53 32 dat,
608 810 38 27 als
665 811 30 26 de
713 811 117 26 minister
848 810 64 26 door
928 816 61 20 cene
1007 819 43 18 ver-

112 842 149 33 mindering
287 850 50 18 ran
364 843 47 26 den
438 846 96 32 accijns
559 855 32 27 op
608 846 31 25 de
658 854 60 24 zeep
736 844 41 25 die
795 841 126 30 industrie
940 843 79 26 denkt
1037 846 26 24 te

112 874 169 31 hevorderen,
300 875 34 33 hij
354 875 45 27 dat
418 876 57 27 doel
490 873 53 31 'dan
561 880 54 25 niet
633 878 39 26 zal
685 876 126 28 bereiken.
848 876 61 26 Wat
922 876 96 32 noodig
1033 876 30 28 is,

113 908 25 25 is
156 908 31 25 de
204 908 155 38 afschaffing
379 917 47 19 van
445 912 96 31 accijns
562 920 30 17 en
613 912 61 32 vrije
693 911 150 32 nijverheid.
872 909 139 31 Overigens
1020 908 28 26 be-

116 940 71 26 veelt
204 940 35 33 hij
260 939 48 28 den
326 939 118 30 minister
462 952 56 22 aan,
535 948 43 22 01'
579 948 9 22 n
589 946 77 32 tegen
678 943 188 33 ontduikingen
876 941 63 26 «looi-
948 935 115 32 Meekers

117 973 27 24 te
164 973 98 24 waken.

126 1037 8 5 _
146 1005 40 26 De
204 1006 63 26 heer
283 1006 110 28 Henrot
411 1006 53 28 had
482 1009 60 34 plan
561 1009 31 26 de
609 1009 63 26 zaak
691 1016 50 18 van
758 1003 32 31 de
808 1003 99 38 heffing
918 1006 45 26 der
972 1006 90 26 novale

111 1037 109 28 tienden
244 1039 27 26 in
296 1039 21 27 1
341 1038 64 28 land
428 1050 50 17 van
496 1042 87 34 ('uyck
602 1044 25 22 te
644 1036 151 39 bespreken,
815 1048 71 18 maar
904 1048 33 18 na
954 1039 31 26 de
1004 1039 58 25 rede

111 1078 52 18 van
181 1071 48 26 den
247 1071 63 26 heer
327 1075 73 24 Sasse
418 1083 52 17 van
487 1072 87 28 Tafelt
592 1081 32 19 en
641 1074 31 25 de
690 1071 168 34 verzekering
876 1081 50 17 van
945 1071 47 25 den
1011 1071 34 25 mi-

111 1104 92 31 nister,
223 1110 40 20 zet
281 1106 35 32 hij
335 1106 122 27 kortelük
475 1104 50 34 zijn
542 1107 124 34 gevoelen
685 1106 86 26 uiteen
790 1106 26 25 in
834 1104 112 34 gelijken
964 1104 41 25 zin
1024 1104 38 26 als

111 1136 33 25 «Ie
172 1136 63 26 heer
255 1139 73 24 Sas»,'
358 1144 47 19 van
429 1131 80 33 isseït
529 1149 30 14 en
578 1140 135 30 overigens
731 1147 69 17 meer
817 1134 110 35 bepaald
946 1136 52 26 met
1017 1133 45 30 liet

111 1175 53 26 oog
182 1176 32 26 oji
231 1169 30 26 de
280 1168 172 34 tii-ndhefting
470 1172 26 25 in
515 1172 30 25 de-
563 1169 169 37 heerlijkheid
751 1170 130 25 Boxmeer.

146 1196 39 31 De
213 1202 61 26 heer
300 1211 24 18 v.
353 1212 24 17 n.
405 1205 58 25 Lek
490 1213 20 15 is
534 1212 27 17 er
579 1204 48 25 ook
645 1209 196 32 onaangenaam
859 1208 61 20 over
937 1201 125 33 gestemd,

111 1232 50 27 •lat
185 1233 31 26 de
242 1233 156 34 begrooting
424 1238 67 22 eerst
517 1241 45 19 zoo
580 1233 56 27 iaat
653 1232 26 28 in
698 1234 174 33 behandeling
889 1234 21 25 is
927 1234 133 32 gekomen,

111 1273 76 18 maar
216 1269 52 25 wat
294 1267 50 26 kan
372 1267 19 26 't
416 1267 58 26 hem
501 1267 99 26 baten?
635 1267 44 33 Hij
705 1267 41 26 zal
764 1267 53 26 niet
835 1267 110 32 spreken
963 1273 61 19 over
1043 1266 19 26 't

112 1298 111 30 middel,
253 1299 64 26 door
341 1299 50 26 «len
409 1299 61 26 heer
496 1306 51 19 van
565 1299 97 33 Nispen
680 1299 116 31 bedoeld,
815 1306 72 19 maar
900 1298 89 31 juicht
1006 1294 54 31 niet

111 1331 46 25 toe
183 1331 47 25 het
256 1331 105 26 heroïke
387 1329 96 28 middel
509 1341 51 18 van
581 1333 48 25 den
647 1333 63 25 heer
726 1341 51 18 van
796 1330 157 32 Swittderen,
971 1339 43 18 om
1030 1332 31 25 de

112 1364 53 25 wet
190 1371 33 28 op
249 1363 32 26 de
306 1361 130 31 middelen
459 1367 26 25 te
513 1365 71 26 laten
600 1365 120 26 wachten
737 1365 41 25 tot
796 1371 33 20 na
847 1363 31 27 de
895 1364 167 31 vaststelling

109 1396 50 25 der
184 1397 133 28 uitgaven.
337 1410 31 5 —
385 1397 43 32 Hij
455 1397 22 26 is
503 1398 48 25 ook
569 1406 64 22 geen
651 1397 169 26 voorstander
837 1404 50 18 van
905 1397 31 25 de
953 1397 106 32 uitgifte

111 1435 53 18 van
189 1427 255 35 sch.ttkistbiljetten
464 1430 41 25 tot
523 1428 110 35 sluiting
651 1436 51 19 van
718 1437 47 19 een
782 1429 96 26 tekort.
912 1430 26 24 Z.
957 1429 15 25 i.
991 1430 70 24 moet

111 1459 28 27 in
164 1460 32 26 da
224 1462 123 31 uitgaven
376 1461 102 27 worden
503 1462 118 27 voorzien
646 1462 64 27 door
733 1470 106 31 gewone
865 1462 146 26 inkomsten
1030 1469 31 19 en

113 1492 57 24 niet
187 1492 63 27 door
267 1494 144 34 leeningsn,
429 1493 28 26 of
472 1487 81 33 welke
570 1495 71 25 soort
651 1491 157 33 schuldook,
817 1495 53 25 met
881 1494 181 32 uitzondering

111 1525 117 28 evenwel
254 1533 60 18 voor
339 1524 32 27 do
398 1526 261 34 staatsspoorwegen,
685 1533 133 20 waarvoor
835 1534 51 25 spr.
904 1527 79 33 tegen
998 1528 61 25 éehe

115 1553 106 35 leening
237 1564 64 24 geen
320 1558 117 25 bezwaar
454 1559 79 25 heeft.

151 1586 41 26 En
209 1590 52 24 wat
280 1589 98 25 betreft
396 1590 48 25 den
461 1591 104 26 wensch
581 1591 41 26 tot
639 1587 151 38 heriieftiftg
807 1597 50 22 van
874 1587 46 32 het
940 1593 120 26 kadaster

113 1619 67 26 door
204 1619 51 26 d.-n
281 1622 78 27 staat,
386 1636 31 4 —
445 1631 50 21 spr.
521 1622 77 33 dingt
622 1622 67 28 niets
716 1625 30 26 af
763 1632 52 19 van
841 1626 46 26 het
904 1626 94 32 betoog
1016 1625 46 27 der

113 1651 132 26 meerdere
267 1652 100 26 waarde
385 1662 51 17 van
451 1652 32 27 de
503 1655 149 33 landerijen,
671 1665 60 20 enz;
750 1665 72 18 maar
839 1665 43 19 om
898 1667 35 18 nu
951 1665 45 19 zoo
1017 1667 30 18 on-

112 1684 215 33 voorwaardelijk
353 1691 32 28 op
411 1685 151 40 herziening
583 1697 50 17 aan
659 1690 26 25 te
711 1689 118 34 dringen,
847 1691 26 24 te
892 1691 56 25 dien
967 1690 92 27 «dirkte

112 1717 50 26 dat
180 1726 58 18 men
255 1717 31 26 de
299 1717 137 30 helastinsr
454 1720 46 26 doe
517 1722 103 32 stijgen,
638 1721 91 27 daarin
746 1723 63 37 gaat
827 1723 34 33 hij
875 1722 56 27 niet
939 1723 53 26 met
1002 1723 59 27 hem

112 1750 86 25 mede.
234 1750 56 26 Ook
317 1753 54 24 niet
390 1750 45 26 len
452 1753 107 25 aanzien
576 1753 45 25 der
639 1755 161 33 verhooging
816 1760 50 20 Van
883 1756 31 25 de
933 1756 112 32 grondbe-

111 1782 104 33 lasting
230 1791 33 25 op
280 1782 32 27 de.
330 1783 178 33 ongebouwde
526 1785 201 33 eigendommen,
744 1788 98 27 waarin
860 1793 63 22 Voor
939 1788 32 26 de
989 1789 58 26 land-

113 1814 145 27 bouwend«i
275 1817 152 32 provinciën
445 1818 76 32 groot
537 1817 117 26 bezwaar
672 1817 111 31 bestaat,.
817 1821 67 26 Dien
902 1821 103 26 wensch
1018 1821 43 26 wil

115 1847 37 33 hij
170 1845 106 30 althans
294 1848 56 26 niet
369 1850 164 25 uitdrukken.
567 1847 40 28 En
624 1851 87 30 indien
729 1854 50 26 ook
796 1854 31 26 de
844 1854 155 33 afschaffing
1016 1854 45 26 der

116 1879 169 32 registratie-
304 1890 31 17 en
352 1881 203 33 mutatieregten
569 1892 51 19 zou
635 1887 104 25 moeten
755 1886 85 26 leiden
857 1887 41 25 tot
917 1896 61 17 eene
991 1889 70 24 soort

115 1918 54 19 van
196 1913 291 34 inkomsten-belasting
510 1915 39 26 als
574 1917 171 32 ckwivalent,
764 1919 52 26 dan
831 1919 22 25 is
870 1919 35 30 hij
926 1919 54 26 daal

119 1945 87 30 tegen.

149 1980 40 26 De
215 1977 65 27 heer
306 1978 102 30 Sassen
431 1977 139 39 bespreekt
592 1983 65 33 ook,
679 1990 34 19 nn
739 1980 112 30 afdéïen
873 1983 125 27 daarover
1015 1984 46 26 het

115 2013 90 26 woord
230 2013 102 26 hebben
359 2016 128 32 gevoerd.
513 2017 46 25 bet
580 2010 148 33 domar.laal
743 2016 133 34 tiendregt
893 2016 28 26 in
938 2017 46 25 het
999 2017 61 25 land

115 2053 53 18 van
185 2046 98 32 Cuyck.
320 2044 91 28 Sedert
431 2052 63 22 1842
510 2048 22 26 is
547 2055 52 26 »p'\
615 2046 28 28 in
661 2057 61 17 eene
741 2048 93 26 andere
846 2049 154 32 betrekking
1007 2050 53 24 met

113 2076 66 25 «leze
197 2078 64 24 zaak
278 2076 81 33 bezig,
379 2087 31 18 en
428 2087 52 20 nosr
496 2078 31 35 tij
547 2078 20 30 is
585 2081 73 26 nooit
666 2089 45 18 zoo
722 2081 172 32 ingewikkeld
904 2081 110 33 geweent
1023 2080 38 27 ais

117 2109 90 25 ithans.
227 2109 54 33 Spr.
292 2111 70 27 deelt
371 2112 25 26 in
406 2109 46 31 het
462 2111 59 28 kort
530 2113 31 27 de
570 2114 177 33 geschiedenis
756 2114 74 25 dezer
850 2107 64 33 faal
932 2114 79 32 'mede,
1029 2114 32 26 èn

112 2144 57 24 wat
182 2141 64 26 haar
254 2144 110 27 aioaden
374 2153 141 26 oorsprong
526 2141 78 31 onder
613 2147 50 25 den
671 2146 61 33 heet;
742 2146 139 33 V*.ftCayck
891 2148 119 31 aangaat,
1019 2147 40 25 die

110 2174 46 25 tot
175 2174 170 35 bevrediging
361 2178 80 33 zijner
458 2179 63 26 ziele
543 2179 47 26 het
605 2179 76 26 recht
697 2174 44 31 lot
756 2179 100 32 heffing
873 2186 51 19 aan
940 2172 31 33 de
990 2186 57 32 gees-

110 2206 137 31 telijkheid
267 2211 119 28 overgaf,
416 2219 31 17 en
467 2211 52 26 wat
536 2209 50 27 den
602 2209 230 34 'tegenwoordigen
849 2211 211 26 rechtstoestand

111 2237 107 30 heivt-ft.
254 2241 47 27 Uit
327 2241 48 27 den
403 2241 113 30 laatiten
542 2241 86 37 blijkt,
654 2243 46 26 dat
717 2243 32 26 de
767 2236 190 34 administratie
973 2243 85 27 sedert

116 2275 64 25 1867
197 2274 32 25 de
247 2283 67 17 nova
331 2277 103 24 novalia
450 2272 73 30 heeft
540 2277 131 35 gelieven,
690 2277 45 26 ten
752 2276 106 33 gevolge
876 2277 120 26 waar-t'aii
1012 2285 46 18 een

111 2306 93 24 aantal
230 2304 261 41 rechtsvorderingen
519 2308 33 32 bij
572 2308 30 25 do
620 2301 392 34 arrondissements-rechtbank
1030 2310 27 25 to

116 2335 20 26 's
146 2336 83 26 Bosch
247 2339 150 32 aanhangig
415 2340 48 32 zijn
482 2341 129 32 gemaakt.
628 2340 43 32 Hij
690 2336 71 38 gispt
776 2340 32 26 de
826 2341 171 33 handelingen
1015 2342 45 26 der

109 2368 195 28 «rdministrotie
313 2380 32 17 en
354 2368 125 35 betreurt,
490 2373 45 26 dat
547 2373 31 33 rij
587 2369 58 30 zich
656 2372 54 28 niet
720 2374 137 38 vereenigd
866 2374 71 26 heeft
950 2375 53 26 met
1012 2383 46 18 een

110 2401 118 26 voorstel
247 2404 40 24 tot
305 2405 149 28 transactie,
472 2413 32 17 en
521 2404 117 34 betoogt,
657 2406 46 25 dat
720 2406 30 26 de
762 2407 190 25 administratie
967 2415 28 18 er
1004 2408 56 25 niet

111 2440 53 19 «an
183 2434 113 32 gedacht
314 2437 79 30 heeft,
417 2433 48 32 dat
491 2438 31 27 de
548 2431 188 35 schuldenaren
754 2439 57 27 zich
828 2446 32 27 op
878 2439 31 27 de
926 2440 132 34 verjaring

116 2465 106 26 konden
240 2467 133 32 beroepen.

149 2498 39 26 De
214 2503 132 25 sTikisna
369 2509 56 19 van
456 2510 149 21 riNANTiEN
626 2505 71 33 geeft
723 2510 52 30 nog
791 2502 87 41 eenige
898 2500 148 43 opherderih-

109 2537 54 25 j*ea
188 2538 98 26 nopens
312 2532 32 27 «Ie
370 2536 70 32 wijze
464 2544 50 19 van
540 2537 105 33 uitgifte
664 2536 45 28 der
725 2538 259 32 schatki?tMjetten.
1019 2539 39 27 De

111 2564 123 26 •Minister
260 2567 72 25 heeft
354 2565 46 28 het
425 2569 60 31 geld
507 2576 52 27 nog
585 2568 54 28 niet
657 2568 103 39 noodig-,
777 2577 71 20 maar
866 2564 46 33 het
928 2572 22 25 is
967 2580 72 26 moge-

113 2596 56 33 lijk,
196 2596 46 26 dat
268 2598 57 26 zich
352 2600 182 28 onverwachte
552 2603 230 33 omstandigheden
801 2604 104 26 kunnen
921 2604 136 26 voordoen.

131 2629 51 25 Vit
201 2629 69 25 dan?
304 2631 70 25 Moet
402 2633 34 33 hij
463 2634 51 25 dan
531 2635 111 32 dadelijk
660 2637 53 24 met
731 2637 161 32 verhooging
908 2646 50 17 van
976 2637 69 25 belas-

216 2683 21 13 ;.
254 2666 64 35 y*':
332 2663 104 35 V.'vning
454 2674 47 17 aan
504 2667 92 25 V-omen
605 2669 13 24 ?
651 2668 58 26 Art,
726 2673 15 21 3
761 2669 44 25 der
821 2670 52 24 wet
891 2678 32 24 op
940 2669 31 25 de
987 2669 69 25 mid-

120 2713 80 27 Wuik
217 2681 184 59 «taVv»?
416 2718 13 22 I
495 2699 177 35 machtiging,
690 2709 43 18 om
749 2701 27 26 in
794 2701 47 33 tijd
859 2708 50 19 van
925 2701 67 27 nood
1010 2705 46 31 ge-

123 2718 64 51 Wli
214 2722 63 46 ,Lè
293 2726 24 40 l
450 2728 41 40 n\
500 2733 73 35 V*T&
588 2739 31 20 «
641 2741 83 25 *™»
742 2734 30 25 <*
829 2734 46 25 hel
892 2733 87 30 tekort
997 2740 60 19 voor

113 2747 60 56 al!»,
209 2787 26 15 7,
240 2753 94 50 leult
348 2758 41 45 ïat
409 2792 13 11 r
438 2783 15 20 b
494 2763 4 12 '
517 2785 11 18 f
547 2758 131 45 l;-V';»-«
696 2763 90 30 schuld
806 2760 40 32 zat
863 2766 104 26 weiden
984 2773 73 19 voor-

113 2786 69 21 Kien,
209 2786 39 19 zal
267 2786 69 20 eerst
353 2786 69 22 later
441 2786 87 22 beslist
547 2786 111 24 worden.
737 2798 58 15 ru-,»
815 2798 97 15 k„*.,.,«.
931 2798 30 15 j„
985 2798 7 15 i
1029 2799 7 14 i

113 2809 120 34 keelden,
253 2812 63 27 door
333 2815 50 26 den
402 2816 60 25 lieer
481 2816 81 25 Schot
579 2798 228 51 aangegeven^

115 2841 184 37 Mastingen,
326 2848 44 25 wil
389 2846 30 27 de
437 2848 118 26 minster
574 2851 96 31 gaa.Mie
689 2850 122 26 trachten
828 2831 228 54 aï^SdZ

116 2881 73 22 •neer
207 2885 31 18 en
254 2887 71 18 meer
341 2880 99 33 ingang
455 2880 28 27 'te
502 2882 65 26 «loen
586 2882 111 30 vinden,
715 2890 32 18 en
763 2890 28 19 er
808 2890 46 19 zoo
979 2906 15 12 „
1017 2876 39 41 '«}

119 2916 50 18 van
187 2910 25 24 te
231 2910 115 27 trekke».
367 2926 30 5 —
423 2908 54 30 Ten
503 2914 107 25 aanzien
637 2922 50 17 van
712 2915 45 25 het
775 2916 52 25 late
846 2916 99 32 tijdstip
963 2921 51 21 tan

118 2940 175 38 behandeling
308 2943 47 27 «ler
372 2943 164 37 begrooting,
553 2946 52 27 kan
624 2946 31 27 de
672 2946 117 28 minister
808 2947 52 27 niet
879 2954 69 21 meer
956 2955 105 28 zeggen,

116 2974 53 25 «Un
187 2975 34 32 hij
241 2976 72 25 reeds
332 2979 99 28 gedaan
450 2979 78 31 heeft,
554 2987 71 17 maar
643 2980 34 31 hij
697 2986 46 19 zou
762 2981 48 25 ook
829 2981 116 26 beZWaar
961 2983 56 24 Men
1033 2983 27 25 in

113 3005 48 28 het
178 3008 93 26 fteroïk
291 3005 103 34 middel,
411 3011 63 26 door
491 3011 48 26 den
559 3012 60 26 heer
630 3018 48 20 van
689 3008 149 32 Swindereft
847 3017 171 31 aangegeven
1030 3031 30 4 —

188 3041 107 25 aanzien
312 3051 51 15 van
380 3044 31 24 de
430 3044 91 24 novale
540 3044 105 26 tienden
663 3046 27 24 in
707 3046 46 24 het
769 3038 64 34 land
848 3051 51 21 Van
909 3047 81 31 Cuvk,
1002 3048 44 24 her-

116 3072 76 25 haalt
210 3072 30 26 de
260 3073 131 31 minister,
419 3074 45 26 dat
491 3074 31 26 de
548 3077 64 25 zaak
637 3077 28 25 in
683 3077 143 27 Onderzoek
842 3078 31 31 is,
891 3086 32 19 en
939 3073 46 32 dat
1003 3087 58 18 men

115 3109 39 20 nu
170 3105 56 26 niet
242 3107 70 24 moet
330 3106 196 35 vooruitloop,;»
543 3116 31 27 op
592 3109 31 26 de
641 3110 164 34 aanhangige
823 3111 159 33 procedures-.

151 3137 37 24 De
208 3138 60 25 heer
287 3148 52 17 van
361 3141 99 25 Nispkn
480 3144 70 27 zegt,
568 3141 45 27 dat
632 3143 48 31 zijn
697 3143 117 26 bezwaar
831 3146 41 22 ten
892 3150 106 20 aanzien
1016 3145 45 25 der

116 3169 253 34 schatkistbiljetten
386 3172 54 25 niet
457 3172 22 25 is
497 3174 124 33 opgelost,
647 3183 31 17 en
697 3175 45 26 dat
757 3176 41 25 dit
815 3170 59 33 hem
893 3177 168 26 verhinderen

113 3201 41 26 aal
174 3209 61 18 voor
253 3202 30 27 de
302 3204 50 26 wet
371 3213 32 25 op
420 3204 30 26 de
469 3200 128 32 middelen
615 3208 25 24 te
659 3209 132 25 stemmen.

149 3234 38 26 De
215 3235 61 25 heer
292 3235 130 26 H.uitxkn
449 3237 69 25 deelt
544 3239 34 24 dit
600 3235 61 30 tiet.
697 3241 25 25 Z.
741 3241 15 25 i.
775 3241 104 26 beiloelt
896 3242 31 26 do
945 3242 116 26 minister

113 3267 56 26 ■net
188 3267 83 26 alleen
288 3267 31 27 de
339 3268 175 37 bevoegdheid
531 3276 41 20 om
591 3272 249 35 schatkistbiljetten
863 3273 38 28 nit
919 3275 26 26 té
963 3283 97 24 geven,

111 3307 44 17 om
174 3301 133 25 eventueel
326 3301 25 26 in
371 3301 45 27 het
433 3304 106 31 kasgeld
557 3306 26 22 te
602 3306 133 28 voorzien,
762 3300 93 39 terwijl
873 3307 32 25 de
924 3307 70 33 wijze
1010 3315 51 18 van

112 3333 168 33 voorziening
305 3333 27 25 in
358 3333 45 26 het
420 3338 24 22 te
462 3337 57 24 kort
535 3335 34 33 bij
588 3344 61 18 eene
666 3337 83 27 latere
767 3340 51 25 wet
834 3333 40 32 'zal
892 3330 105 37 worden
1017 3346 30 24 ge-

117 3364 97 30 regeld.

152 3394 37 25 De
216 3403 131 20 ministkr
365 3406 56 18 van
438 3406 149 21 riN\NTiEN
605 3405 76 30 zegt,
706 3404 46 26 dat
777 3405 39 25 dit
834 3405 64 30 juist
914 3405 31 25 de
964 3405 77 26 bedoe-

116 3425 59 34 ling
191 3435 30 18 is.

148 3458 39 25 De
204 3459 120 26 discussie
344 3464 85 24 wordt
445 3464 90 33 hierop
553 3468 117 30 gesloten
686 3477 32 17 en
736 3470 32 25 rfc
783 3471 47 24 «**
846 3477 33 25 ep
888 3470 33 25 *Jte
932 3468 129 28 middelen

110 3497 185 24 emngenemen
320 3496 54 22 met
391 3497 32 22 29
441 3497 125 25 stemmen
582 3500 78 30 tegen
681 3501 19 25 l.
719 3515 30 4 —
778 3500 81 27 Peten
882 3494 31 32 de
932 3501 61 26 heer
1010 3509 50 18 van

116 3521 106 33 Nispon.

149 3555 19 21 3
182 3574 5 2 .
221 3553 124 34 Ontwerp
371 3555 41 27 tot
430 3557 130 37 wijziging
578 3566 50 20 van
648 3557 141 31 hoofdstuk
808 3565 37 24 IV
862 3565 44 24 der
925 3566 120 25 Staatsbe-

116 3586 126 32 «rrootmg
267 3594 63 19 voor
351 3588 67 26 181».
438 3601 31 6 —
495 3588 46 28 Dit
568 3592 131 35 ontwerp,
725 3595 79 33 gelijk
829 3594 26 27 al
880 3596 32 25 de
937 3596 124 33 volgende

117 3625 129 19 nommers
263 3619 102 26 worden
384 3621 94 25 zonder
495 3620 120 30 discussie
633 3628 53 22 met
704 3631 146 28 algemeene
859 3632 125 22 stemmen
996 3639 50 17 aan-

116 3658 136 22 genomen.
269 3666 31 2 —
319 3652 66 26 De»e
403 3653 66 32 zijn:

148 3685 34 24 4°.
220 3684 48 25 Tot
286 3685 181 26 naturalisatie
485 3694 48 17 van
552 3687 24 25 J.
594 3687 28 25 F.
640 3689 84 26 Eisele
742 3697 32 19 en
789 3694 78 22 2eveft
886 3685 110 33 andè-ten

220 3716 50 26 Tot
295 3716 132 35 wijziging
452 3725 50 19 van
530 3718 141 30 hoofdstuk
697 3718 22 31 V
742 3720 48 30 der
819 3724 242 33 Stüatsbegrooting

112 3755 65 18 veor
198 3751 69 21 1868.
784 3759 11 11 »
940 3743 15 15 6
1044 3743 15 17 h

217 3780 50 26 Tot
285 3781 130 34 wijziging
432 3787 64 22 voor
521 3783 30 27 de
578 3783 155 38 begroeting
758 3787 45 26 der
820 3789 123 32 uitgaven
960 3796 100 25 wegens

112 3813 53 25 den
183 3813 89 26 arbeid
289 3813 45 26 der
352 3821 168 28 gevangenen
536 3820 64 24 Voor
621 3817 67 26 1868.

148 3847 35 26 7°.
217 3846 51 26 Tot
292 3849 167 32 vaststelling
483 3849 46 28 der
554 3850 158 34 begrooting
732 3860 96 26 nopens
844 3854 50 27 den
911 3855 89 26 arbeid
1017 3855 44 27 der

110 3885 171 28 gevangenen
298 3887 63 19 voor
380 3881 67 27 \H7'.\.

144 3914 37 25 B°.
216 3911 50 28 Tot
293 3913 167 38 vaststelling
484 3918 46 26 der
553 3918 155 34 begrooting
724 3927 50 19 van
791 3920 31 26 de
837 3919 221 34 landsilrukkerij,

112 3945 87 26 dienst
222 3948 66 24 1870,

216 3977 52 30 Tot
293 3981 165 33 vaststelling
484 3991 50 18 van
559 3992 61 18 eene
638 3985 54 26 met
707 3980 32 30 de
757 3980 187 40 Maatschappij
961 3987 40 25 tot
1019 3996 26 18 ex-

110 4011 122 32 ploitatie
252 4020 50 18 van
320 4015 255 35 Staatsspoorwegen
593 4018 118 30 gesloten
729 4019 200 27 overeenkomst-.

150 4045 51 25 10».
235 4044 50 26 Tot
311 4046 131 33 wijziging
468 4052 50 21 van
543 4049 139 27 hoofdstuk
699 4051 38 25 VI
755 4051 45 26 der
817 4051 242 32 StaatsbCgïooting

110 4083 69 21 voor
198 4080 69 25 1868.
939 4070 15 15 b

151 4115 47 21 11°.
234 4110 50 26 Tot
301 4110 132 39 wijziging
450 4122 50 17 van
517 4115 141 26 hoofdstuk
676 4111 51 31 Vïï
744 4117 26 25 B
795 4117 46 26 der
857 4119 185 31 Staatsbegroo-

112 4143 61 32 ting
191 4149 63 19 voor
269 4142 47 27 het
334 4143 143 34 dienstjaar
497 4149 67 24 1869.

151 4178 48 24 12°.
235 4175 48 26 Tot
309 4176 45 26 het
380 4176 136 27 verkenen
534 4186 48 20 van
601 4188 46 18 een
670 4181 113 31 crediet,
808 4182 45 26 ten
880 4182 112 27 behoeve
1010 4189 50 18 van

111 4215 14 17 f
129 4215 46 17 ene
194 4208 41 24 tot
253 4207 45 26 het
315 4207 143 35 dienstjaar
480 4214 59 25 1867
557 4213 161 26 behoorende
736 4215 174 26 ouverevende
922 4215 137 31 vordering

112 4240 46 25 ten
176 4239 66 25 laste
260 4240 45 25 der
321 4240 156 38 begrooting
493 4251 51 19 van
560 4244 104 27 Nederl.
680 4246 81 26 Indie'.

152 4274 50 22 13°.
236 4271 51 27 Tot
313 4273 129 34 wijziging
467 4285 50 17 van
541 4277 139 27 hoofdstuk
699 4279 38 26 IX
754 4279 46 26 der
817 4279 243 32 Staatsbegrooting

113 4309 66 20 voor
197 4304 72 25 1868.
939 4299 15 13 b

154 4338 7 24 1
170 4335 32 27 1°-
236 4335 50 26 'I'ot
302 4338 131 33 wijziging
451 4346 50 19 van
519 4339 141 27 hoofdstuk
677 4341 12 27 I
706 4341 45 28 der
769 4342 155 35 begrooting
940 4351 50 19 van
1009 4344 34 25 Ne-

116 4368 154 24 «lerlandscb
288 4369 72 26 Indië
386 4378 60 18 voor
471 4371 32 26 de
526 4372 158 33 dienstjaren
706 4378 61 24 1868
784 4383 32 19 en
836 4377 61 26 1869
920 4377 139 28 (Uitgaven

117 4403 28 19 tn
164 4397 170 33 Nederland).

148 4427 76 28 Niets
241 4436 69 20 meer
327 4441 47 18 aan
400 4434 31 26 de
454 4436 61 26 orde
533 4436 99 34 zijnde,
658 4437 84 28 wordt
767 4437 31 28 de
823 4440 170 34 vergadering
1011 4448 47 27 ge-

294 4561 231 39 AMSTERDAM,
544 4571 109 33 Vrijdag
673 4576 30 24 31
724 4572 141 27 December.

145 4611 40 24 De
216 4607 84 25 eerste
320 4607 86 27 kamer
424 4612 45 25 der
485 4616 219 33 staten-generaal
722 4617 70 27 heeft
810 4619 130 31 gisteren,
958 4626 33 18 na
1009 4618 50 26 ook

112 4643 67 25 haar
197 4642 184 28 toestemming
400 4643 25 24 te
445 4644 98 27 hebben
562 4644 118 32 verleend
692 4650 41 26 tot
751 4651 33 25 de
801 4651 243 32 huwelijksverbind-

111 4677 72 24 tonis
202 4681 50 17 van
269 4674 33 24 H.
319 4674 31 24 K.
367 4674 32 26 11.
419 4675 102 28 Prinses
539 4678 98 33 Maria,
658 4683 31 25 de
707 4683 51 25 wet
776 4691 32 24 op
835 4683 31 26 de
883 4683 130 26 middelen
1031 4683 26 26 in

112 4708 180 28 behandeling
318 4711 124 24 Benemen
469 4719 31 18 en
523 4719 132 28 nagenoeg
680 4716 54 25 met
759 4715 146 33 algemeene
932 4717 126 25 stemmen

110 4744 190 24 «.ingenomen,
320 4740 102 26 Daarna
432 4741 70 27 heeft
519 4743 30 32 zij
567 4753 48 18 aan
625 4755 61 18 eene
703 4748 74 25 reeks
795 4755 50 19 van
862 4748 84 26 kleine
960 4749 97 26 wetten

113 4772 38 32 bi]
171 4772 150 30 hamerslag
338 4772 61 26 hare
417 4775 103 26 adhesie
537 4778 169 31 geschonken.

149 4802 65 26 Drie
242 4801 177 33 hoofdpunten
444 4807 116 26 kwamen
585 4809 34 33 bij
645 4812 31 25 de
698 4811 231 35 beraadslagingen
947 4820 60 19 over
1024 4813 34 26 de

116 4837 56 25 Wet
202 4845 32 22 op
252 4837 32 26 de
301 4837 128 26 middelen
448 4840 40 24 ter
504 4840 105 32 sprake:
628 4843 32 26 de
677 4843 219 37 ongelegenheid,
914 4846 96 25 waarin
1024 4846 32 26 de

118 4870 65 24 Kam
202 4876 11 17 r
243 4870 58 22 zich
320 4870 105 25 bevindt
443 4879 40 17 om
501 4872 31 26 de
550 4876 50 24 wet
618 4883 32 24 op
667 4876 32 25 de
716 4877 129 25 middelen
862 4886 33 24 op
912 4878 31 26 de
960 4878 96 26 laatste

113 4903 86 35 dagen
219 4909 50 17 van
287 4899 45 26 het
346 4899 59 44 jaar
422 4904 57 22 vast
495 4905 26 24 te
539 4904 109 34 stellen;
665 4907 31 25 de
723 4907 104 33 uitgifte
849 4918 51 17 van
918 4910 138 26 sehatkistr

112 4933 124 33 biljetten
255 4933 40 24 tot
314 4933 113 31 dekking
445 4942 47 19 van
522 4937 45 25 het
583 4938 87 26 tekort
689 4948 32 25 op
738 4941 50 25 den
804 4941 86 26 dienst
908 4950 50 18 van
979 4944 76 30 1870;

112 4976 33 18 en
165 4965 32 26 de
217 4965 149 31 herziening
384 4974 48 17 van
450 4967 45 26 het
504 4969 120 27 kadaster
641 4971 45 25 der
704 4972 139 32 gebouwde
854 4974 200 33 eigendommen.

151 4997 54 26 Het
223 4998 21 25 is
263 4997 57 25 niet
337 4998 26 24 te
380 4996 155 34 loochenen,
561 5003 46 25 dat
627 5003 45 26 het
697 5003 96 38 belang
816 5014 50 17 van
882 5015 47 15 een
947 5008 109 32 ordelijk

113 5029 97 28 h-lieer
230 5030 120 28 vonlrrt,
369 5029 45 26 dat
431 5040 56 18 men
504 5033 45 27 der
566 5036 81 25 eerste
664 5036 87 26 kamer
769 5035 30 27 de
816 5036 168 34 gelegenheid
999 5047 44 19 ver-

115 5065 99 26 schafte
231 5070 43 18 om
292 5063 30 25 de
341 5063 236 35 staafsbegrooting
588 5087 19 17 ,_
615 5068 78 32 gelp
711 5068 30 33 zij
767 5068 40 26 uit
831 5069 48 25 den
900 5070 157 26 'smeltkroes

118 5096 46 25 der
191 5096 94 27 andere
305 5096 89 26 kamer
409 5096 21 26 is
445 5099 26 24 te
491 5094 144 37 voorschijn
653 5101 139 31 gekomen,
813 5101 54 26 met
883 5094 174 33 bedaardheid

113 5128 28 26 to
161 5131 191 27 onderzoeken.'
364 5146 30 2 —
404 5130 169 35 daargelaten
589 5131 45 26 het
652 5134 65 30 r.-gt,
726 5133 46 26 «lat
790 5133 30 25 de
829 5133 130 26 ministers
967 5134 90 26 zelven

112 5170 93 26 mogen
227 5164 64 26 doen
308 5164 92 32 gelden
419 5172 40 18 om
470 5164 30 26 de
510 5163 122 27 vakantie
652 5164 26 26 in
697 5166 51 25 hun
758 5166 194 32 departement,
963 5176 31 17 en
1003 5167 54 25 niet

112 5193 28 26 in
157 5190 48 31 het
222 5197 145 32 parlement
386 5197 25 22 te
429 5196 130 28 besteden.
578 5197 170 31 Intusschen,
765 5190 106 33 hoeveel
888 5198 129 26 middelen
1025 5199 31 25 de

113 5225 188 27 verschillende
319 5228 116 32 sprekers
452 5230 50 25 ook
519 5230 27 26 in
562 5230 165 33 overweging
745 5238 91 24 gaven,
854 5238 41 17 om
912 5238 48 18 aan
979 5230 78 26 dezen

115 5259 176 31 onordelijken
311 5259 118 28 toestand
446 5270 46 18 een
510 5263 72 26 einde
601 5264 26 25 te
645 5262 93 27 maken
756 5270 31 18 en
804 5263 124 25 ofschoon
946 5262 61 27 zelfs
1025 5263 31 26 de

115 5290 63 26 heer
195 5300 48 17 van
262 5291 148 26 Swiudercn
428 5303 44 15 een
484 5295 103 25 heroié'k
605 5295 94 26 middel
710 5295 133 30 uitdacht,
854 5295 112 25 hetwelk
974 5296 83 25 moest

115 5323 122 26 strekken
263 5333 41 18 om
330 5324 31 25 de
386 5327 97 26 tweede
501 5327 89 26 kamer
615 5329 71 30 bang
711 5328 26 25 te
763 5328 106 30 maken,
898 5336 71 18 maar
993 5328 63 31 juist

113 5355 106 26 daarom
230 5357 32 31 bij
275 5355 118 27 niemand
404 5365 44 19 een
458 5360 106 32 gunstig
574 5361 106 25 onthaal
690 5361 76 30 vond,
771 5361 67 25 —de
854 5361 60 25 heer
924 5355 132 31 vanÖosse

113 5389 60 25 wist
202 5398 28 17 er
256 5396 65 24 geen
337 5389 111 26 anderen
468 5391 63 26 raad
547 5399 32 24 op
595 5392 52 25 dan
664 5393 46 24 dat
726 5393 31 25 de
776 5393 97 24 tweede
888 5393 86 25 kamer
985 5393 71 25 beter

116 5420 50 26 «len
184 5420 71 31 regel
274 5420 151 27 betrachten
444 5424 80 26 moest
542 5432 41 15 om
601 5426 53 24 veel
671 5424 28 25 af
713 5425 26 24 te
759 5424 66 25 doen
843 5424 26 25 in
887 5426 90 25 korten
993 5425 63 32 tijd,

115 5459 33 15 en
165 5453 45 21 dat
229 5452 30 24 de
279 5453 24 24 in
321 5460 45 19 een
385 5456 73 32 vorig
478 5454 152 32 zittingjaar
652 5456 158 31 onafgedane
831 5457 226 25 werkzaamheden

116 5481 104 28 worden
246 5484 91 28 hervat
354 5486 26 26 in
397 5486 48 27 den
462 5486 85 32 stand,
565 5493 103 27 waarop
685 5487 30 33 zij
733 5487 57 27 zich
808 5497 48 18 aan
875 5489 45 27 het
938 5487 52 28 slot
1006 5497 51 19 van

117 5515 48 27 dat
187 5516 59 33 jaar
272 5518 141 26 bevonden.
446 5520 40 32 Op
510 5520 32 25 de
568 5519 174 33 behandeling
758 5530 50 17 van
824 5522 32 26 de
873 5522 169 34 begrootings-

118 5550 96 25 wetten
234 5550 51 26 kan
309 5551 39 24 dit
373 5551 93 26 laatste
488 5551 48 26 wel
555 5551 56 26 niet
627 5559 50 18 van
693 5552 148 35 toepassing
857 5555 111 25 worden.
1003 5555 35 26 Be-

116 5580 76 30 halve
217 5590 48 18 aan
292 5583 50 25 den
367 5583 220 33 onverzadelijken
619 5584 144 32 spreeklust
787 5595 50 18 van
861 5587 31 26 de
912 5587 74 27 leden
1012 5588 45 26 der

117 5615 99 26 tweede
241 5615 104 28 kamer,
371 5615 50 34 ligt
445 5616 31 26 do
501 5616 92 26 schuld
608 5624 51 18 aan
676 5617 31 25 de
724 5619 142 33 uitvoerige
882 5620 175 33 behandeling

116 5648 45 25 «ler
188 5646 113 26 indische
328 5646 169 37 begrooting,
523 5648 41 27 die
585 5649 45 26 het
656 5650 155 34 onmogelijk
835 5652 89 26 maakt
947 5654 54 26 met
1025 5653 31 27 de

117 5679 247 34 itaatsbegrooting,
381 5681 79 33 gelijk
478 5689 123 25 vroeger,
619 5683 72 25 reeds
707 5685 54 25 met
778 5683 45 26 het
842 5685 73 26 einde
932 5694 50 17 van
999 5686 38 27 Ok-

117 5712 76 24 tober
210 5711 28 24 of
255 5711 44 24 het
317 5712 76 31 begin
413 5721 48 17 van
482 5714 144 26 November
643 5722 50 18 aan
709 5717 26 24 to
752 5724 109 24 vangen.

150 5743 69 25 Over
247 5740 30 26 de
304 5744 103 33 uitgifte
433 5753 48 18 van
503 5745 31 27 de
549 5746 250 33 schatkistbiljetten
817 5748 40 25 tot
875 5747 115 34 dekking
1006 5758 47 17 van

116 5772 48 27 het
181 5773 86 26 tekort
283 5783 48 18 van
354 5779 59 26 1870
430 5778 52 26 had
502 5786 45 18 een
565 5783 35 22 da
617 5787 64 25 capo
698 5776 84 37 plaats
798 5789 51 17 van
866 5780 31 26 de
914 5780 142 26 diskussiën

117 5805 28 26 in
171 5805 30 26 de
227 5807 97 25 tweede
341 5809 94 26 kamer.
462 5810 74 26 Maar
560 5811 61 26 deze
648 5812 112 32 gansche
778 5812 124 26 diskussie
920 5813 53 25 had
991 5822 65 25 geen

117 5838 80 26 ander
206 5841 47 24 nut
262 5848 32 17 en
307 5841 113 25 wellicht
431 5842 47 25 ook
489 5850 65 21 geen
562 5844 79 25 ander
651 5844 57 26 doel
717 5845 51 25 dan
777 5844 48 26 den
836 5845 85 25 min.v.
931 5845 126 25 finantiën

116 5870 32 25 de
174 5870 148 32 verklaring
347 5874 26 21 te
399 5869 157 33 ontlokken,
581 5875 47 24 dat
644 5876 31 24 de
693 5876 265 31 schatkistbiljetten,
977 5877 79 26 welke

117 5902 35 33 hij
181 5902 129 26 wenschte
335 5902 40 25 uit
398 5903 26 24 te
441 5909 97 27 geven,
555 5903 83 26 alleen
656 5907 98 24 zouden
771 5908 120 24 strekken
909 5916 41 19 om
967 5909 26 26 in
1012 5917 46 18 een

116 5936 111 32 tijdelijk
244 5935 89 25 tekort
351 5934 44 24 der
413 5935 45 25 kas
476 5936 25 22 te
519 5936 119 25 voorzien
654 5946 32 15 en
705 5937 45 25 dat
767 5947 51 15 van
835 5939 40 25 dit
892 5940 94 26 middel
998 5950 46 15 zon-

115 5969 47 26 der
185 5967 96 27 nadere
307 5965 139 33 wettelijke
467 5966 209 26 tusschenkomst
691 5975 64 24 geen
772 5968 110 33 gebruik
899 5969 40 25 zal
954 5973 104 25 worden

115 6001 132 33 genaakt.

152 6033 35 25 De
207 6028 165 37 wetgevende
393 6027 86 27 macht
489 6034 47 19 zon
553 6028 33 31 bij
607 6028 44 25 bet
667 6031 162 33 aanhangige
848 6033 115 30 ontwerp
981 6034 66 24 na,lei-

116 6067 25 22 te
162 6064 120 27 beslissen
301 6063 99 26 hebben
419 6061 30 25 of'
465 6059 45 27 het
528 6059 85 26 tekort
630 6061 63 25 door
706 6063 130 26 vlottende
856 6063 184 33 ofdoorgekon-

116 6096 141 28 aoüdeerde
278 6094 89 26 schuld
389 6103 46 18 zon
455 6092 103 26 worden
575 6092 102 34 gedekt.

155 6126 126 31 Eindelijk
300 6128 28 22 de
350 6125 148 32 herziening
517 6133 46 17 van
586 6125 43 22 Int
645 6125 119 26 kadaster
789 6129 45 25 der
859 6125 200 35 eigendommen.

119 6157 58 26 Men
197 6161 72 22 weet,
288 6157 45 24 dat
351 6157 30 25 de
405 6157 117 24 minister
540 6164 48 17 van
608 6156 123 26 finantiën
742 6167 47 17 een
798 6161 182 30 wetsontwerp
990 6159 70 24 beeft

122 6190 149 28 aanhangig
288 6188 120 30 gemaakt
431 6194 40 18 om
490 6188 164 32 verbetering
672 6190 25 26 te
715 6189 112 40 brengen
847 6191 25 25 in
891 6191 31 25 de
934 6190 111 26 kodilikn-

119 6221 37 22 tie
175 6222 44 21 der
236 6219 171 32 belastingen.
446 6219 34 27 De
500 6220 61 26 heer
579 6220 79 27 Schot
674 6215 129 40 betoogde
820 6223 45 26 dat
882 6223 39 25 dit
938 6215 48 34 wei
1004 6223 54 30 iets,

119 6257 73 18 maar
209 6250 53 25 niet
282 6249 65 26 alles
364 6257 58 18 was.
456 6249 54 31 Met
536 6253 100 27 nadruk
664 6255 81 34 drong
771 6255 40 26 die
839 6255 105 34 spreker
960 6263 48 18 aan
1026 6266 33 24 op

119 6282 130 27 meerdere
268 6282 252 37 produktiefinaking
536 6287 74 27 dezer
628 6288 136 34 belasting,
781 6289 46 26 dat
843 6288 96 27 zoowel
967 6289 31 27 de
1018 6300 26 24 ge-

117 6319 105 26 bouwde
237 6319 40 24 als
294 6317 174 32 ongebouwde
489 6320 191 33 eigendommen
699 6321 26 26 in
743 6322 31 25 de
783 6322 94 26 laatste
888 6321 86 33 dertig
980 6322 77 33 jaren

113 6351 155 34 aanzienlijk
291 6359 83 19 waren
393 6351 60 33 gest

151 6386 90 28 Voorts
269 6386 99 26 werden
397 6392 46 18 aan
470 6387 47 25 den
536 6386 118 28 minister
673 6397 46 17 van
742 6389 122 28 finantiën
886 6389 154 30 onderschei-

112 6420 66 28 dene
197 6422 104 25 wenken
321 6428 30 19 en
371 6418 132 27 wenschen
515 6420 180 31 medegedeeld
709 6420 157 28 betreffende
878 6425 177 31 staatsloterij,

112 6455 145 25 domaniale
276 6455 104 24 tienden
402 6452 24 25 in
446 6451 201 26 Nooidbrabant
661 6461 32 19 en
702 6454 156 33 afschaffing
865 6463 52 18 van
925 6448 50 35 den
984 6464 57 26 zeep-

112 6487 111 32 akcijns,
254 6495 117 17 waarvan
399 6484 31 26 de
458 6483 130 28 minister,
614 6484 31 32 bij
665 6485 45 25 het
726 6488 161 25 overdenken
907 6496 47 17 van
973 6489 67 26 belas-

112 6520 163 30 tingwetten,
295 6519 66 26 inde
381 6516 129 26 toekomst
528 6516 109 33 gebruik
654 6516 39 26 zal
712 6517 103 26 kunnen
831 6521 91 25 maken
933 6529 31 18 en
974 6529 65 19 waar-

116 6553 115 24 omtrent
247 6552 35 31 hij
301 6549 143 27 onderzoek
464 6549 130 34 toezegde.

145 6669 53 30 Het
223 6669 151 28 Staatsblad
400 6671 41 26 N°.
474 6673 43 24 199
534 6669 76 28 bevat
628 6671 30 25 de
679 6671 48 24 wet
746 6679 47 15 van
814 6673 15 24 3
849 6672 56 22 Dee.
930 6673 66 30 1869,
1013 6674 39 21 t,,t

112 6703 131 35 wijziging
268 6710 50 20 van
344 6703 45 27 het
413 6703 70 27 Vide
509 6704 139 27 hoofdstuk'
669 6703 45 27 der
735 6704 240 34 staatsbegrooting
991 6712 61 20 voor

112 6732 44 32 het
176 6736 142 32 di-nst.jaar
339 6741 67 21 lSfid-.
424 6737 45 26 het
487 6738 151 26 Staatsblad
652 6737 41 27 N°.
712 6741 48 24 200
778 6738 30 25 de
826 6739 51 24 wet
894 6746 47 17 van
960 6743 15 21 3
991 6738 61 28 Dec.

113 6771 78 28 1869,
217 6769 136 26 houdend,-
379 6769 131 31 wijziging
527 6769 44 26 der
587 6771 51 25 wet
656 6777 51 19 van
723 6772 14 24 7
756 6770 86 25 Maart
862 6772 60 24 1832
941 6771 98 26 (Staats-

1096 89 60 33 blad
1233 96 43 33 48)
1292 93 41 32 tot
1350 94 117 39 regeling
1483 94 45 32 del'
1545 91 185 43 gemeenschap
1742 92 63 33 door
1815 94 201 38 elektro-magne-

1096 126 79 27 tische
1194 128 150 37 telegrafen;
1364 130 45 28 het
1428 132 152 27 Staatsblad
1598 130 41 28 N*>
1658 131 48 27 203
1723 129 30 28 de
1774 135 45 21 w.-t
1840 139 47 17 van
1903 135 8 21 i
1923 132 90 25 Decem-

1096 159 45 28 ber
1160 164 76 28 1869,
1260 162 132 30 houdende
1409 165 94 26 nadere
1520 161 156 37 bepalingen
1694 165 112 25 Omtrent
1824 164 47 26 dcii
1889 163 94 34 akeijnfi
2001 168 31 30 öp

1096 195 46 25 het
1159 193 182 35 gedistilleerd,
1358 202 32 21 eh
1406 195 46 28 het
1468 196 152 27 Staatsblad
1637 196 40 25 N°-
1698 197 48 24 ?.():«
1762 196 31 24 de
1811 197 50 24 wet
1879 197 47 25 Van
1939 201 15 21 4
1971 197 60 25 Dcc.

1100 229 74 28 1869,
1200 229 40 26 tot
1265 230 118 32 regeling
1398 230 45 26 deï
1461 229 172 34 (mtvarigsteft
1654 236 31 18 en
1702 228 122 33 uitgaven
1841 236 48 18 van
1910 229 45 26 liet
1971 236 46 26 pen-

1096 255 144 32 sioenfonds
1259 272 61 18 voor
1337 263 157 32 burgerlijke
1511 261 170 28 ambtenaren
1698 269 60 18 over
1775 261 47 25 het
1840 262 57 30 jaar
1916 262 69 27 1870.

1129 343 39 34 Bij
1187 346 157 31 koninklijke
1363 346 125 25 besluiten
1514 347 50 30 Zijn
1591 344 197 32 goedgekeurd:
1857 343 46 25 het
1919 343 115 31 ontwerp

1097 377 45 26 der
1157 372 77 35 'akte,
1252 378 136 26 houdende
1414 378 130 34 wijziging
1569 378 46 26 der
1638 376 118 26 statuten
1774 380 48 19 van
1840 373 31 26 de
1887 373 146 26 naahilooze

1097 410 191 32 vennootschap
1313 412 32 24 de
1370 412 152 31 koninklijke
1554 410 214 27 Nederlandse/ie
1806 407 142 26 Stoomboot
1951 411 67 21 maat-

1097 444 130 34 scjiqppjj,
1246 442 135 39 gevestigd
1396 444 26 24 te
1441 443 180 30 Amsterdam,
1638 448 33 19 en
1687 441 35 26 2°.
1740 441 45 26 het
1801 441 116 31 ontwerp
1933 439 87 32 vaiige-

1100 472 116 34 wijzigde
1233 472 119 27 statuten
1383 476 46 25 der
1454 474 146 27 naamloóze
1628 470 207 40 veilnootschap:
1870 471 154 26 Ass'.ïraniie-

1100 504 193 33 maaücliappij
1305 509 72 30 tegen
1393 509 189 30 brandschdiïe,
1597 506 137 33 gev«stig>i.
1753 507 25 24 W
1795 503 126 33 Ziitphen.

1134 587 26 25 Z.
1179 587 33 25 M.
1231 586 81 30 li.-e.V.
1389 593 85 25 eervol
1491 592 135 30 ontslagen
1644 593 32 28 op
1695 583 53 32 bun
1768 585 107 28 verzoek
1893 582 34 37 Bij
1995 582 40 26 dd.

1101 619 135 35 schutterij
1261 622 25 25 te
1305 622 163 27 Amsterdam
1493 624 26 27 J-.
1535 618 106 31 Bïovens
1667 621 30 26 de
1723 621 91 24 Haar..
1833 622 65 21 _.ien
1918 618 73 30 luit.;
2009 617 26 25 te

1102 652 112 26 Utrecht
1231 654 34 25 M.
1283 654 100 34 Pleyte,
1403 658 67 25 lste.rt
1489 652 65 28 liii't.-
1573 657 25 24 te
1619 654 116 32 Kampen
1753 653 24 25 J.
1795 652 32 26 G.
1839 650 113 28 Hissiuk,
1965 648 71 25 lsten

1102 684 235 35 luit.-kwartierm.;
1355 703 31 5 —
1403 692 33 22 «<\
1455 687 126 28 benoemd
1598 687 34 32 bij
1650 686 32 26 de
1696 686 41 26 dd.
1755 683 136 33 schutterij
1900 683 26 26 te
1936 681 84 30 Deven-

1102 718 40 25 ter
1159 718 131 33 tót.lsten
1306 719 58 26 hut.
1376 722 38 25 W.
1424 716 220 32 H.Costßudilé;
1662 735 31 4 —
1710 719 34 26 3°.
1762 718 50 25 den
1820 717 63 25 heer
1892 715 143 30 J.Lutevn,

1102 749 40 26 «Ue
1167 756 53 21 niet
1245 752 50 26 den
1310 752 113 27 laateten
1441 755 86 25 Maart
1543 754 45 26 des
1605 752 148 33 volgenden
1766 749 69 27 iaat*
1851 745 185 33 als.direktelir

1103 790 47 18 van
1176 791 70 26 wege
1272 784 48 26 den
1343 785 94 27 handel
1455 795 48 17 van
1520 787 47 26 het
1585 782 320 37 vrije.haridcls-ontivpnt
1926 780 24 26 tij
1970 778 64 27 Mld*

1102 815 109 34 delburg
1239 819 70 25 moet
1332 819 133 31 aftreden,
1492 820 38 30 al?
1557 815 126 35 zoodanig
1700 815 31 37 Öp
1749 816 79 25 nieuw
1852 810 137 32 beitöélud;
2007 824 31 6 —

1147 848 123 27 benoemd
1279 852 40 24 tot
1329 850 35 25 lul
1376 856 46 19 ran
1431 848 46 30 het
1487 849 111 35 Kollegie
1609 852 48 25 Van
1667 849 125 33 regenten
1801 855 61 19 over
1871 847 46 26 het
1924 844 59 26 huis
1990 852 48 18 van

1102 882 83 24 arrest
1193 882 26 25 te
1230 881 136 34 Nijirie<*eti
1374 891 46 18 mr.
1429 882 37 27 M.
1473 883 54 26 A.v.
1538 885 116 33 Koggen,
1664 879 99 38 griffier
1774 889 48 18 van
1833 880 30 26 de
1872 875 167 28 arr.-rechtb.

1102 911 96 34 aldaar;
1217 911 41 31 kot
1269 915 143 32 prokurenr
1422 917 35 31 bij
1469 917 50 25 «len
1527 917 102 31 hoogen
1638 917 64 25 raad
1710 915 46 26 der
1770 913 104 30 Nederl.
1885 920 33 18 en
1926 911 46 28 het
1982 914 43 27 pro-

1102 945 110 26 vinciaal
1228 947 169 32 gerechtshof
1411 947 26 26 in
1448 943 197 32 'Zuid-Holland
1663 956 46 18 mr.
1728 947 24 26 J.
1761 947 30 26 H-
1805 947 19 26 C
1843 941 112 32 Lisman,
1963 941 78 26 thans

1102 979 143 31 prokureur
1261 980 34 32 bij
1315 980 31 26 de
1364 980 227 26 arrondissement-'
1606 979 143 27 'vrh'ibahk
1773 981 26 25 te
1825 979 18 26 's
1853 976 170 31 Gravenliage
2035 994 5 9 ,

1101 1011 111 26 alsmede
1221 1011 250 37 pl.-iatsvqrvaro»e>id
1480 1012 202 27 kantonrechter
1697 1012 98 31 aldaar,
1813 1012 40 25 uit
1871 1009 80 27 welke
1961 1007 67 26 eerst-

1102 1038 139 35 genoemde
1260 1042 156 37 betrekking
1434 1045 59 26 hem
1511 1046 85 25 eervol
1612 1045 104 33 ontslag
1734 1045 21 26 is
1773 1042 138 31 verleend;
1936 1042 41 25 tot
2003 1039 26 26 di-

1102 1075 105 26 rekteur
1224 1083 50 18 van
1291 1076 31 27 de
1339 1078 175 32 grootboeken
1532 1078 45 26 der
1592 1078 131 26 nationale
1734 1077 98 28 schuld,
1843 1076 50 26 den
1900 1075 63 25 heer
1971 1072 30 25 E.
2010 1071 31 26 R.

1102 1107 115 32 Schultz,
1233 1109 79 26 thans
1329 1110 177 32 referendaris,
1522 1110 85 26 belast
1624 1111 53 25 met
1695 1110 31 26 de
1743 1109 118 27 funktiëu
1886 1115 51 18 van
1963 1104 67 26 forifl-

1101 1140 92 26 kateur
1211 1141 34 33 bij
1264 1142 31 26 de
1311 1142 111 27 direktie
1439 1150 48 18 van
1505 1143 41 26 die
1564 1143 191 32 grootboeken;
1773 1143 41 26 tot
1831 1141 80 33 agent
1928 1147 51 22 van
1996 1136 45 26 het

1101 1173 141 26 ministerie
1259 1182 50 17 van
1325 1174 125 26 finantiën
1468 1175 26 27 te
1512 1175 171 32 Amsterdam,
1701 1175 48 26 den
1767 1175 61 25 héél-
1841 1174 17 25 J
1880 1176 25 21 W
1925 1168 116 46 Bttawj

1101 1206 78 25 thans
1195 1206 170 27 referendaris
1383 1207 34 32 bij
1435 1207 46 27 dat
1498 1208 158 33 ngenlscl«<tp
1664 1219 6 6 •
1689 1205 41 28 töt
1748 1202 180 38 gezaghebber
1937 1207 48 21 Van
1996 1202 45 26 het,

1101 1238 86 25 eiland
1204 1238 38 25 St.
1259 1232 135 32 Ëüstati'üs
1410 1240 50 26 aeii
1475 1237 63 30 heer
1554 1241 34 24 M.
1609 1241 39 24 W.
1665 1240 107 32 Cruger,
1786 1235 201 35 gepensioneerd
1996 1234 31 26 ad-

1101 1267 177 31 mintstrateur
1294 1278 50 20 van
1362 1272 132 31 finantiën,
1513 1273 76 26 thans
1605 1271 181 28 waarnemend
1801 1269 182 37 gezaghebber
1990 1274 51 19 van

1100 1303 103 32 gemeld
1219 1304 93 26 eiland.

1130 1384 57 30 Met
1202 1387 98 38 ingang
1317 1396 50 18 van
1383 1391 17 24 2
1416 1388 58 27 Jan.
1495 1387 157 30 aanstaande
1672 1381 40 34 ïal
1728 1385 44 30 liei
1781 1385 244 37 rijkstelegraafkan-

1098 1419 59 25 toor
1181 1421 28 22 te
1235 1420 69 25 Sluis
1330 1424 63 28 open
1419 1421 66 32 sijjï'i:
1504 1421 31 32 óp
1553 1417 169 37 werkdagen,
1742 1429 48 17 van
1811 1424 15 21 9
1845 1429 44 15 ure
1909 1420 73 24 vóór-
2000 1419 40 25 tot

1098 1454 17 22 3
1135 1457 45 19 ure
1198 1446 152 40 namiddags
1369 1452 32 28 èh
1419 1461 50 19 van
1487 1456 14 24 5
1518 1454 41 27 tot
1567 1456 15 26 7
1592 1461 45 19 ure
1645 1453 161 34 namiddags;
1814 1461 32 26 op
1856 1460 99 19 zon-en
1964 1450 64 27 fecst-

1098 1483 85 33 ilageft
1200 1488 50 21 vah
1266 1489 17 21 8
1298 1485 43 26 tot
1357 1489 15 24 9
1390 1494 47 17 ure
1455 1486 73 26 vóór-
1547 1495 32 15 en
1597 1494 50 17 van
1665 1489 31 22 12
1713 1487 41 24 tot
1769 1489 17 22 3
1802 1494 44 17 ure
1864 1486 159 31 namiddags.

1130 1567 39 25 De
1186 1566 63 26 heer
1265 1567 30 25 E.
1312 1567 31 26 A.
1361 1567 84 32 Mees,
1461 1569 43 26 tot
1520 1569 94 31 dusver
1628 1567 187 28 Bederiandfen
1833 1561 194 33 vice-konsulte

1100 1599 81 32 Jedo,
1198 1599 22 26 is
1237 1599 38 26 als
1292 1599 126 34 zoodanig
1435 1602 191 32 overgeplaatst
1644 1607 61 20 naar
1724 1600 122 33 Niëgata.

1131 1668 31 28 lii
1180 1669 46 28 het
1241 1670 103 34 verslag
1361 1677 50 19 van
1428 1670 31 26 de
1476 1671 96 33 zitting
1589 1678 50 19 van
1656 1670 50 27 den
1722 1670 197 33 gemeenteraad
1937 1678 33 25 op
1987 1678 39 19 eer-

1098 1708 116 35 gisteren
1231 1708 22 27 i*
1269 1710 63 26 'ce'he
1349 1710 151 34 vergissing.

1134 1749 47 25 lot
1196 1749 76 26 leden
1289 1757 50 18 van
1361 1749 30 26 de
1409 1749 161 33 plaatselijke
1586 1749 145 28 kommissie
1749 1757 50 18 van
1815 1744 115 31 toezicht
1945 1753 33 28 Op
1995 1743 44 32 het

1098 1787 161 26 middelbaar
1291 1787 135 34 onderwijs
1460 1789 50 32 zijn
1527 1781 172 33 herbenoemd
1716 1788 31 25 de
1773 1788 149 26 aftredende
1948 1786 74 28 leden
2034 1795 5 18 :

1098 1827 24 26 J.
1141 1827 105 32 Kuyper
1264 1826 39 26 Hz
1315 1846 4 7 ,
1337 1827 26 25 A
1385 1822 187 32 Gildemeester
1590 1834 32 19 en
1638 1827 40 26 W.
1696 1827 31 26 A.
1744 1827 105 32 Froger.

1130 1897 83 26 Dezer
1230 1898 83 31 dagen
1330 1898 141 31 ontvingen
1488 1897 40 32 wij
1557 1905 46 17 een
1619 1897 152 32 prospektus
1787 1904 50 18 van
1856 1897 53 27 Ons
1924 1899 115 28 streven',

1100 1936 46 18 een
1162 1928 143 32 weekblad,
1323 1928 46 26 dat
1387 1929 92 32 gewijd
1496 1929 40 25 zal
1553 1929 51 33 zijn
1622 1937 48 18 aan
1688 1929 31 25 de
1736 1926 195 37 ontwikkelihg,
1949 1929 31 25 de
1998 1929 27 25 be-

1098 1961 96 32 langen
1219 1969 32 18 en
1277 1961 31 25 de
1333 1959 224 26 werkzaamheden
1574 1956 48 31 'der
1639 1959 94 27 Vi'biiW.
1770 1957 50 35 Wij
1839 1970 93 24 mogen
1949 1962 76 25 onder-

1100 1993 92 27 stellen
1202 2015 5 8 ,
1225 1994 47 25 dat
1293 2001 52 21 aan
1359 2000 61 20 onze
1439 1990 80 30 leüeï's
1537 2002 99 26 genoeg
1651 1993 102 27 bekend
1768 1993 30 32 is,
1815 1994 48 26 hoe
1881 1994 40 26 wii
1941 1993 98 27 denken

1100 2034 60 18 over
1186 2024 31 27 de
1244 2024 188 33 ontwikkeling
1456 2026 45 25 der
1518 2034 94 18 vrouw.
1646 2027 72 25 Meer
1734 2027 51 25 dan
1801 2035 59 17 eens
1877 2026 103 26 hebben
1998 2027 40 32 wij

1100 2056 46 27 del'
1174 2066 18 17 \v
1199 2057 79 25 ensch
1303 2056 198 33 uitgesproken,
1526 2057 46 25 dat
1597 2057 31 25 de
1652 2066 87 18 vrouw
1759 2067 31 24 op
1807 2057 180 26 intellektueel
2008 2067 31 17 en

1098 2089 230 33 maatschappelijk
1354 2088 92 32 gebied
1470 2089 31 25 de
1519 2089 123 25 evenknie
1658 2091 85 25 worde
1760 2098 52 18 van
1828 2089 48 27 den
1894 2098 63 18 man
1995 2091 28 25 le-

1098 2122 59 26 dere
1174 2122 113 33 poging,
1315 2121 80 26 welke
1421 2120 31 27 de
1474 2121 223 33 verwezenlijking
1713 2122 50 26 vail
1781 2122 77 26 dezen
1876 2120 102 28 wensch
1995 2125 44 24 ten

1098 2156 58 26 doel
1175 2154 94 31 heeft,
1296 2153 73 26 vindt
1395 2153 35 41 bij
1459 2159 46 20 ons
1528 2153 86 26 ttbeedé
1631 2153 31 26 de
1680 2154 116 32 grootste
1812 2154 135 33 sympatie.
1981 2154 58 26 Van

1097 2187 128 33 ganscher
1250 2185 76 27 harte
1350 2183 84 38 hityén
1460 2185 41 34 wij
1520 2183 51 30 dan
1597 2185 64 33 ook,
1687 2186 46 25 dat
1756 2186 46 26 het
1827 2186 133 27 weekblad
1988 2187 51 26 Ons

1097 2224 103 24 slrefertt
1224 2218 90 33 mgèh
1338 2219 39 25 zal
1403 2218 27 26 in
1454 2218 111 33 hetgeen
1591 2218 31 26 de
1642 2218 117 26 redaktie
1775 2219 57 25 zich
1848 2218 141 32 voorstelt,
2008 2228 31 17 en

1097 2249 45 31 dat
1160 2244 45 34 het
1221 2251 65 27 haar
1303 2259 73 26 moge
1395 2251 129 34 gelukken
1539 2251 80 26 onder
1636 2251 30 26 de
1683 2258 122 19 vrouwen
1830 2251 125 34 degelijke
1972 2251 50 26 ken-

1098 2285 39 26 nis
1153 2288 27 22 te
1198 2285 163 33 verspreiden
1387 2294 32 17 en
1434 2291 64 19 voor
1519 2284 31 25 de
1567 2284 159 33 ongehuwde
1742 2284 129 27 schoonen
1887 2278 151 38 géschikten

1097 2317 89 26 arbeid
1202 2326 48 19 aan
1270 2319 26 25 te
1313 2316 96 32 wijzen.

1130 2387 116 32 Blijkens
1272 2383 198 33 achterstaande
1499 2387 194 38 aankondiging
1715 2387 72 30 hééft
1812 2383 32 32 dé
1864 2386 111 30 direktié
1993 2387 44 27 dei-

1096 2424 123 32 Koninkl.
1238 2421 104 34 Ne'deri.
1363 2427 346 34 Stoómbootroaatscliaapij,
1720 2428 105 27 daartoe
1835 2422 126 39 dringend
1971 2435 50 18 aan-

1096 2470 109 30 gezocht
1225 2467 63 27 door
1305 2467 56 27 vele
1377 2461 255 39 belangstellenden,
1650 2476 22 17 o.
1690 2477 22 17 a.
1730 2477 50 17 van
1798 2469 32 25 de
1848 2469 93 25 heeren
1959 2467 28 25 E.
2003 2467 32 25 H.

1098 2499 50 33 Kol
1167 2499 47 39 (lid
1232 2506 45 26 der
1294 2506 74 26 firma
1387 2505 79 27 Vlaer
1482 2513 33 18 en
1531 2505 79 32 Kol),
1624 2505 53 33 jhr.
1695 2505 28 26 C.
1741 2505 123 32 Hartsen,
1881 2505 28 27 C.
1919 2505 28 26 T.
1958 2505 78 26 Stork

1096 2554 32 18 en
1146 2554 46 19 mr.
1211 2546 31 26 D.
1259 2545 25 27 J.
1302 2546 83 26 baron
1401 2545 118 33 Mackay,
1535 2552 119 26 gewezen
1671 2544 76 26 leden
1763 2554 50 17 van
1822 2545 46 25 het
1877 2544 98 27 komité
1985 2552 51 18 van

1096 2584 51 27 den
1169 2585 63 25 heer
1257 2584 112 32 Jansen,
1393 2584 132 33 nogmaals
1551 2583 32 26 de
1607 2583 169 33 gelegenheid
1799 2577 184 39 opengesteld,,
1995 2581 41 28 tót

1095 2623 169 33 inschrijving
1281 2631 33 25 op
1330 2623 32 26 de
1380 2619 119 37 leeöiüg,
1521 2629 120 19 waarvan
1659 2620 34 35 Bij
1713 2613 31 35 de
1760 2621 84 27 eerste
1861 2613 174 43 openstelling

1095 2661 67 27 ruim
1179 2663 32 25 de
1228 2657 67 31 helft
1316 2662 72 26 werd
1411 2657 131 37 geplaatst
1564 2669 32 18 en
1612 2669 119 18 waarvan
1748 2661 32 26 de
1798 2661 141 33 opbrengst
1952 2661 69 26 strek-

1095 2701 51 27 ken
1169 2700 70 28 nióet
1264 2702 43 26 töt
1332 2701 131 34 vestiging
1488 2707 77 20 eener
1590 2701 159 26 stoomvaart
1773 2707 51 20 van
1840 2700 148 35 Vlissingen
2003 2708 32 27 op

1097 2740 161 25 New-York.

1127 2780 157 34 Voorloopig
1310 2779 135 35 verwijzen
1468 2779 43 34 wij
1537 2787 63 18 naar
1616 2779 59 27 deze
1695 2779 201 34 aankondiging.
1922 2779 53 26 Het
1993 2779 41 26 tot

1095 2819 77 25 stand
1188 2820 92 25 komen
1297 2819 45 25 der
1358 2819 64 25 zaak
1439 2818 21 26 is
1479 2826 63 18 voor
1558 2815 146 30 Nederland
1721 2826 51 19 van
1788 2824 102 20 zooveel
1906 2818 128 33 gewicht,

1095 2858 46 26 dat
1156 2858 41 33 wij
1215 2865 27 19 er
1258 2857 71 33 bijna
1348 2858 54 26 niet
1419 2864 48 19 aan
1485 2859 92 31 mógen
1593 2857 132 34 twijfelen,
1742 2858 30 26 óf
1786 2858 31 33 zij
1840 2857 39 26 zal
1897 2857 137 33 gelukken,

1096 2902 33 20 ntt
1147 2901 58 22 Meh
1221 2891 31 31 dé
1269 2896 190 35 medewerking
1473 2897 124 32 verkreeg
1612 2906 51 18 van
1680 2903 139 27 personen,
1837 2893 39 30 als
1892 2895 31 27 de
1936 2896 80 27 bóven-

1095 2935 172 32 genoènideii,
1284 2935 40 26 die
1342 2935 181 33 aaüvahkelijk
1539 2935 54 26 niet
1610 2935 136 26 volkomen
1761 2935 162 26 vertrouwen
1932 2935 100 26 stelden

1207 2974 237 27 ■iensvatbaarheid
1461 2982 51 18 van
1527 2974 46 26 het
1590 2974 46 26 het
1651 2975 76 32 plan,
1753 2983 41 18 om
1812 2974 94 27 zonder
1923 2970 111 31 Subsidie

1100 3005 45 26 der
1160 3012 131 27 regeer-.,;
1307 3020 61 20 ecne
1385 3007 136 40 geregelde
1537 3013 159 27 «toónivaart
1711 3021 32 26 op
1760 3014 123 26 Amerika
1898 3014 26 25 te
1943 3013 77 27 onder-

1100 3053 90 17 nemen
1199 3064 6 11 ,
1221 3048 72 21 maar
1310 3047 59 24 etov»
1385 3052 86 27 «adert
1492 3053 141 32 verkregen
1649 3053 170 32 inlichtingen
1837 3053 66 25 volle
1923 3053 111 32 vrijheid

1100 3083 113 32 vonden,
1232 3091 41 19 om
1290 3084 79 26 thans
1383 3084 119 33 kracnv^.
1519 3092 31 25 fa
1569 3092 63 25 zaak
1649 3092 26 25 te
1694 3092 195 25 ondersteunen.

1134 3154 119 26 Gisteren
1278 3155 107 26 deelden
1411 3156 41 32 wij
1479 3151 90 34 mede,
1590 3151 45 31 dat
1652 3159 48 21 w'
1701 3170 12 18 s
1721 3162 76 32 Hage
1813 3169 52 18 was
1883 3161 152 26 aanbesteed

1101 3185 44 26 het
1165 3187 92 25 maken
1274 3185 48 27 vali
1341 3189 30 24 de
1390 3188 71 26 beide
1479 3189 172 26 landhoofden
1667 3188 45 27 der
1721 3194 65 28 br«f-
1794 3201 60 19 over
1864 3193 45 27 het
1917 3193 104 27 holland-

1100 3219 58 27 lohe
1183 3217 58 34 'Jlep
1258 3222 53 24 met
1336 3221 32 25 de
1384 3221 178 26 aansluitende
1587 3222 250 33 spoorwegdammen
1857 3224 26 25 in
1898 3227 66 24 twee
1980 3234 43 24 per-

1101 3252 84 25 ceelen
1211 3261 31 17 en
1258 3253 27 26 in
1303 3260 91 22 massa,
1403 3261 31 17 en
1442 3253 45 25 dat
1498 3261 60 18 voor
1569 3253 30 28 de
1607 3261 83 19 massa
1708 3255 30 25 de
1755 3255 63 26 lieer
1834 3255 24 25 J.
1877 3256 158 33 Kraaijevelt

1100 3286 24 24 te
1143 3283 145 28 Sliedrecht
1315 3293 61 19 voor
1395 3286 26 30 ƒ
1429 3288 104 26 666,(100
1548 3287 99 31 laagste
1663 3287 152 33 inschrijver
1832 3295 58 19 was.
1916 3288 58 26 Men
1995 3291 27 24 be-

1098 3318 67 24 richt
1176 3326 46 17 ons
1232 3319 89 24 echter
1330 3318 52 30 dat,
1401 3318 40 25 die
1461 3318 93 25 laatste
1572 3327 56 17 som
1637 3320 113 24 wellicht
1768 3324 60 22 eefle
1850 3318 141 35 vergissing
2008 3320 27 31 is,

1100 3358 32 17 en
1156 3350 45 25 dat
1226 3350 90 26 alsdan
1341 3348 31 27 de
1396 3348 93 26 minste
1515 3347 164 35 Inschrijvers
1703 3359 63 18 voor
1792 3343 30 35 de
1839 3360 84 18 massa
1939 3353 48 31 zijn
2007 3353 28 26 de

1098 3381 109 27 heeren:
1225 3383 32 25 D.
1277 3379 93 30 Völker
1387 3381 27 27 te
1430 3383 146 27 Dordrecht
1594 3391 32 18 en
1642 3384 32 26 A.
1689 3384 94 27 Volkei
1793 3385 52 31 Lz.,
1856 3386 25 25 te
1891 3385 144 27 Sliedrecht

1098 3417 63 24 voor
1178 3411 138 31 ƒ768000.

1130 3496 107 37 Vrijdag
1254 3497 31 24 24
1303 3496 81 28 dezer,
1404 3496 69 26 werd
1492 3504 32 25 op
1540 3504 61 18 eene
1622 3496 171 34 vergadering
1813 3504 50 18 van
1884 3497 45 25 het
1945 3497 76 32 depar-

1097 3527 100 27 tement
1215 3528 91 26 Nieuw
1324 3528 163 26 Lekkerland
1513 3529 45 26 der
1585 3529 185 33 Maatsi-b-u.pil
1798 3528 40 28 tflt
1863 3529 56 26 Nut
1942 3537 52 18 van
2017 3531 19 24 't

1100 3560 149 32 Algemeen,
1264 3561 64 25 door
1346 3560 48 26 den
1421 3561 246 37 hoofdonderwijzer
1693 3565 38 22 W.
1748 3565 28 22 F.
1794 3562 120 32 Matthijs
1939 3561 97 32 aldaar,

1100 3591 30 26 de
1147 3592 129 25 aandacht
1292 3592 45 25 der
1355 3593 145 31 aanwezige
1519 3587 133 39 gevestigd
1670 3601 32 26 op
1721 3594 45 26 het
1783 3594 211 30 schoolverzuim,
2004 3604 32 17 en

1100 3624 30 24 de
1147 3625 129 30 pogingen
1292 3624 63 25 door
1371 3625 46 25 bet
1434 3619 106 38 geheele
1557 3625 60 26 land
1626 3627 41 26 ter
1676 3627 155 32 bestrijding
1839 3635 50 18 van
1898 3627 38 25 dit
1945 3627 91 26 kwaad

1100 3656 27 24 in
1142 3652 46 28 het
1207 3656 69 25 werk
1292 3656 109 32 gesteld,
1415 3658 54 26 met
1479 3657 39 26 dit
1526 3658 102 32 gevolg,
1637 3659 45 25 dat
1691 3659 50 25 alle
1752 3659 195 28 aanwezenden,
1955 3666 66 19 waar-

1100 3687 79 25 onder
1196 3696 46 17 een
1259 3686 96 26 tiental
1372 3689 93 31 dames,
1483 3683 170 34 verklaarden
1670 3691 39 25 als
1726 3691 37 25 lid
1779 3698 51 18 van
1857 3683 45 34 hot
1923 3690 113 27 verbond

1100 3719 26 27 te
1142 3718 87 27 willen
1246 3718 143 30 toetreden.
1776 3724 48 30 (De
1850 3723 120 31 Wekker.)

1130 3795 247 33 ♦ROTTERDAM,
1394 3798 32 25 30
1443 3796 59 27 Dee.
1537 3797 71 26 Door
1624 3797 31 26 de
1671 3795 94 28 heeren
1782 3793 32 30 de
1833 3794 202 31 MortchV&vart

1098 3829 120 31 Rossem,
1245 3827 22 28 is
1291 3827 27 28 in
1343 3827 85 28 httnnö
1454 3827 129 28 kwaliteit
1599 3826 38 30 als
1654 3829 267 34 pakhüismeesterefi,
1938 3836 48 19 aan
2006 3829 30 26 de

1100 3862 94 26 heet'eil
1220 3859 24 30 J.
1261 3862 31 25 IJ.
1310 3862 32 26 N.
1361 3862 24 26 J.
1403 3860 61 34 Bijl,
1492 3863 194 25 havenmeester
1711 3867 32 21 en
1769 3862 22 25 D
1795 3875 5 13 ;
1817 3863 28 26 O.
1863 3855 172 40 Rietbergen,

1097 3894 132 30 direktehï
1247 3901 48 19 van
1322 3894 45 30 het
1383 3894 180 27 Zeemanshuis
1580 3891 98 37 alhier,
1704 3892 41 28 elk
1770 3901 46 19 een
1841 3895 123 34 prachtig
1989 3894 31 26 be-

1097 3928 84 26 werkt
1198 3927 112 26 rilveten
1325 3927 138 28 inktkoker
1481 3928 112 30 vereerd,
1611 3937 61 17 voor
1690 3928 69 31 ijver,
1778 3930 110 31 overleg,
1905 3930 90 25 kennis
2004 3938 31 15 en

1097 3959 247 31 vastberadenheid,
1371 3959 111 27 betoond
1507 3961 40 25 ter
1564 3959 169 33 gelegenheid
1750 3967 50 18 van
1821 3960 48 25 den
1889 3960 80 26 brand
1985 3969 50 18 van

1097 3992 46 26 het
1160 3990 172 35 klipperschip
1349 3992 110 32 Theone,
1476 3992 116 26 lossende
1609 3999 50 19 aaa
1675 3992 31 26 de
1717 3992 318 33 petroleum-magazijnen

1097 4033 32 24 op
1147 4025 143 32 Fijenoord.

1130 4058 13 13 *
1162 4057 229 30 ROTTERDAM,
1409 4061 28 22 31
1456 4057 61 26 Dee.
1545 4057 90 26 Heden
1651 4057 139 31 namiddag
1808 4057 45 24 ten
1870 4061 17 21 3
1902 4065 45 18 ure
1964 4057 71 26 heeft

1097 4098 28 18 er
1144 4090 27 26 in
1189 4090 31 26 de
1238 4082 172 34 Israëlitische
1429 4090 63 26 kerk
1509 4098 60 18 eene
1586 4089 169 33 feestviering
1772 4088 85 34 plaats
1865 4090 41 26 ter
1913 4090 107 33 gelegen-

1097 4123 60 25 heid
1182 4131 48 18 van
1257 4123 30 25 de
1312 4123 131 32 50-jarige
1469 4123 85 26 dienst
1573 4131 51 17 van
1641 4122 50 25 den
1708 4122 135 32 oppersten
1860 4130 174 25 voorzanger,

1098 4155 48 25 den
1163 4155 61 25 heer
1243 4155 27 25 L.
1290 4155 30 25 A.
1338 4155 150 25 Schnitzler.

1134 4187 178 30 HAARLEM,
1338 4191 32 22 30
1395 4185 60 28 Dee.
1488 4183 72 30 Door
1584 4186 45 27 het
1654 4182 158 37 provinciaal
1835 4187 198 32 goevernemont

1098 4226 48 19 van
1166 4213 213 33 Noord-Holland
1397 4219 20 26 is
1436 4219 80 26 heden
1528 4219 163 28 aanbesteed,
1709 4218 34 32 bij
1756 4215 89 27 enkele
1854 4219 180 33 inschrijving:

1150 4251 45 26 het
1221 4250 149 28 onderhoud
1395 4258 48 20 van
1469 4252 46 26 liet
1541 4251 83 27 Groot
1641 4248 260 28 Noord-Hollandsch
1925 4246 109 35 Kanaal,

1098 4284 144 33 gedurende
1260 4285 32 25 de
1306 4285 76 32 jaren
1402 4287 67 27 1870,
1499 4287 57 25 1871
1576 4292 32 18 en
1629 4286 69 26 1872,
1713 4283 26 25 in
1756 4286 14 24 7
1789 4283 148 37 perceelen;
1961 4284 59 26 daar-

1097 4324 63 18 voor
1176 4320 85 22 waren
1280 4317 30 25 de
1328 4316 92 26 minste
1437 4317 163 32 inschrijvers
1619 4318 72 27 (voor
1709 4315 30 25 de
1756 4318 15 22 3
1787 4318 98 33 jaren):
1911 4324 60 18 voor
1989 4317 45 24 het

1102 4349 51 25 Iste
1169 4349 98 32 perceel
1286 4349 30 26 de
1335 4350 61 26 heer
1414 4349 32 25 H.
1456 4350 28 24 1«.
1499 4346 122 32 Bennink,
1638 4349 27 24 te
1675 4348 146 32 Vreeswijk,
1840 4354 60 20 voor
1905 4350 129 30 ƒ94,450;

1098 4389 61 17 voor
1173 4381 48 26 het
1239 4382 98 25 tweede
1354 4381 99 32 perceel
1469 4382 120 27 dezelfde,
1609 4388 63 18 voor
1682 4383 24 27 ƒ
1720 4383 100 27 43,460;
1847 4389 60 17 voor
1925 4381 45 26 het
1985 4381 48 26 3de

1097 4413 99 31 perceel
1213 4413 31 26 de
1260 4414 63 25 heer
1338 4414 25 25 J.
1381 4413 103 30 Schalk,
1508 4415 26 22 te
1552 4413 143 30 Buiksloot,
1722 4419 60 18 voor
1799 4413 26 30 f
1841 4416 105 27 30,900;
1972 4417 61 20 voor

1097 4447 45 24 net
1152 4444 47 26 4de
1215 4437 100 40 perceel
1332 4444 30 26 de
1371 4447 61 24 beer
1442 4444 27 27 R.
1482 4444 92 31 Kroon,
1584 4446 26 24 te
1619 4440 143 34 Buiksloot,
1773 4452 61 18 voor
1838 4447 24 30 ƒ
1867 4448 96 27 23,460;
1972 4452 61 19 voor

1097 4476 46 25 het,
1159 4478 47 24 sde
1224 4474 98 35 perceel
1339 4476 122 31 dezelfde,
1478 4485 63 17 voor
1557 4478 25 28 f
1599 4480 104 26 34,890;
1730 4483 60 18 voor
1807 4476 46 25 het
1870 4478 47 24 6de
1935 4476 99 33 perceel

1097 4506 119 34 dezelfde,
1234 4517 63 18 voor
1306 4512 26 31 ƒ
1341 4513 104 27 39,800;
1462 4515 63 20 voor
1541 4508 46 25 het
1604 4507 47 28 7de
1668 4507 98 33 perceel
1783 4507 31 26 de
1833 4508 60 25 beer
1909 4508 24 26 J.
1944 4508 90 31 Swets,

1097 4544 25 24 te
1139 4541 174 34 Nienwediep,
1330 4550 61 18 voor
1402 4544 25 31 ƒ
1440 4545 96 27 66,400.
1554 4556 31 4 —
1655 4540 46 26 het
1717 4540 83 32 Sjarig
1818 4540 148 26 onderhoud
1989 4540 45 26 der

1096 4574 259 31 rijks-havenwerken
1374 4583 32 17 en
1422 4572 174 33 zeeweringen
1605 4580 31 25 op
1652 4572 46 26 het
1708 4572 84 25 eiland
1811 4573 129 27 Vlieland;
1961 4574 59 24 daar-

1096 4613 61 18 voor
1175 4615 52 18 was
1244 4606 30 25 de
1293 4606 91 25 minste
1403 4605 151 34 inschrijver
1578 4605 32 26 de
1628 4605 61 26 heer
1706 4604 32 26 H.
1756 4605 58 28 Bos,
1837 4605 26 26 te
1881 4605 152 30 Sliedrecht,

1096 4645 61 19 voor
1169 4641 25 30 ƒ
1207 4643 90 25 23,065
1316 4646 44 24 per
1375 4638 66 32 jaar.
1459 4651 32 6 —
1508 4638 33 25 3°.
1559 4638 47 25 het
1626 4637 85 33 3jarig
1736 4638 149 25 onderhoud
1911 4638 45 25 der
1972 4638 61 32 rijks

1096 4670 187 26 havenwerken
1299 4680 32 17 en
1349 4670 174 33 zeeweringen
1541 4677 32 25 op
1591 4670 45 25 het
1649 4669 85 26 eiland
1750 4669 193 34 Terschelling;
1961 4670 59 26 daar-

1096 4711 61 18 voor
1175 4711 51 18 was
1244 4703 30 26 de
1292 4703 92 26 minste
1403 4703 150 31 inschrijver
1570 4702 31 25 de
1618 4703 63 24 heer
1697 4701 24 25 J.
1740 4702 158 34 Oldenburg,
1928 4704 26 24 te
1971 4703 47 25 Ber-

1095 4743 58 51 fen,
1169 4737 90 25 vooril
1273 4740 65 24 7969
1356 4742 45 26 per
1414 4735 67 33 jaar.
1499 4749 31 2 —
1547 4734 37 26 4°.
1603 4734 45 25 het
1664 4733 85 33 3jarig
1770 4735 148 26 onderhoud
1936 4743 50 18 van
2003 4734 31 25 de

1114 4768 107 27 [eiüsclie
1241 4768 80 26 Vaart
1339 4767 26 27 in
1384 4767 30 26 de
1440 4766 130 34 provincie
1587 4760 227 39 Noord-Holland;
1840 4767 125 27 daarvoor
1982 4774 52 20 was

1095 4801 31 26 de
1143 4801 93 26 minste
1254 4801 150 32 inschrijver
1422 4800 30 24 de
1469 4800 63 24 heer
1547 4799 30 26 A.
1594 4799 100 30 Helsin,
1713 4800 25 24 te
1756 4800 98 33 Weesp,
1872 4807 63 19 voor
1944 4805 19 27 J
1971 4802 63 24 9969

1094 4834 27 25 in
1137 4833 32 26 de
1186 4838 15 21 3
1215 4833 83 33 jaren.

1127 4867 12 12 *
1156 4860 254 33 ZALI'-BüMMEL,
1429 4866 32 22 30
1478 4863 60 25 Dee.
1569 4863 38 25 De
1625 4863 112 32 gisteren
1755 4864 135 32 gehouden
1906 4864 126 30 collekte,

1096 4899 40 25 tot
1156 4899 96 31 wering
1269 4905 51 17 van
1338 4898 44 22 bet
1400 4894 109 33 ophalen
1527 4894 44 25 der
1589 4889 185 38 zoogenaamde
1788 4894 244 35 nieuwjaarsgiften,

1094 4931 71 25 heeft
1182 4930 30 25 de
1232 4928 169 32 betrekkelijk
1415 4926 81 26 ruime
1514 4935 53 17 som
1578 4933 47 18 van
1641 4935 125 28 ongeveer
1774 4928 26 30 ƒ
1807 4931 48 22 230
1866 4924 167 37 opgebracht.

1124 4963 12 14 *
1149 4964 13 13 *
1181 4955 217 35 GRONINGEN,
1417 4963 32 22 29
1467 4959 60 25 Dee.
1546 4958 47 26 Uit
1609 4954 175 32 Middelatnm
1801 4961 20 26 is
1840 4969 48 18 aan
1900 4959 26 27 Z.
1937 4959 35 26 M.
1983 4959 50 26 den

1094 4995 97 32 koning
1207 5003 47 17 een
1271 4994 74 25 adres
1363 5000 60 18 over
1440 4991 31 26 de
1488 4991 84 32 hooge
1589 4991 207 33 oorlogskosten,
1814 4994 64 26 door
1897 4996 47 22 110
1959 4993 58 33 inge-

1096 5030 105 21 zetenen
1219 5024 198 30 onderteekend,
1435 5023 170 32 opgezonden.

1127 5060 13 13 *
1157 5057 194 30 DEVENTER,
1370 5060 32 22 30
1419 5057 60 24 Dee.
1508 5057 113 31 Klaagde
1641 5065 57 18 men
1715 5057 180 33 vooreenigen
1912 5057 46 32 tijd
1970 5065 61 18 over

1095 5092 30 24 de
1144 5089 165 26 schaarschte
1326 5096 50 18 aan
1393 5088 83 26 hazen
1495 5096 31 18 en
1543 5089 79 25 ander
1632 5089 66 31 wild,
1709 5091 77 25 thans
1795 5098 34 18 nu
1848 5091 85 25 sedert
1944 5088 87 34 eenige

1095 5124 83 31 dagen
1196 5122 31 24 de
1245 5121 91 25 velden
1352 5122 54 24 met
1423 5128 100 18 sneeuw
1540 5120 96 26 bedekt
1652 5122 67 31 zijn,
1746 5122 77 32 blijkt
1839 5122 41 25 die
1894 5114 137 39 jerimiade

1095 5163 56 18 zeer
1168 5153 156 27 overdreven
1341 5154 111 32 geweest
1467 5154 27 25 te
1513 5153 60 33 zijn;
1592 5154 70 26 want
1675 5163 58 18 men
1742 5154 51 26 ziet
1801 5163 34 17 nu
1846 5161 60 18 eene
1918 5153 112 33 menigte

1096 5187 79 25 hazen
1201 5194 31 17 en
1257 5186 78 25 ander
1352 5186 61 26 wild
1439 5193 31 25 op
1495 5186 31 26 de
1551 5179 100 33 akkers.
1684 5187 117 25 Jammer
1818 5187 97 28 echter,
1937 5186 46 26 «lat
2000 5186 31 25 de

1093 5218 74 33 jacht
1183 5218 78 26 thans
1278 5218 117 33 gesloten
1410 5218 30 26 is.

1128 5251 12 13 *
1156 5251 118 31 ASSEN,
1292 5255 32 22 30
1341 5251 60 26 Dee.
1435 5251 161 33 Tengevolge
1613 5251 45 26 der
1676 5250 145 27 invallende
1834 5251 72 25 vorst
1923 5250 22 26 is
1952 5251 78 25 thans

1095 5283 31 25 de
1143 5283 229 26 stoombootdienst
1389 5284 120 25 tusschen
1534 5284 60 25 deze
1612 5283 59 25 stad
1697 5291 32 17 en
1746 5283 102 30 Zwolle,
1871 5283 110 26 alsmede
1998 5283 32 25 de

1095 5315 164 34 bargedienst
1277 5322 61 20 naar
1357 5316 98 39 Meppel
1475 5316 126 32 gestaakt.

1128 5363 30 4 —
1175 5349 46 25 Als
1239 5356 46 18 een
1302 5348 87 32 bewijs
1406 5350 45 24 dat
1469 5349 58 25 deze
1546 5349 57 25 stad
1620 5348 54 25 met
1691 5346 219 26 reuzenschreden
1930 5347 100 24 vooruit

1094 5381 22 24 is
1133 5388 107 25 gegaan,
1258 5381 80 27 diene,
1357 5375 45 31 dat
1419 5381 106 32 volgens
1553 5381 30 24 de
1607 5380 94 25 laatste
1728 5378 93 32 telling
1843 5378 31 25 de
1892 5378 138 33 bevolking

1095 5412 102 25 bestaat
1215 5413 39 24 uit
1274 5414 59 22 6691
1356 5413 89 24 zielen.
1481 5413 28 24 In
1532 5414 60 22 1808
1610 5419 52 18 was
1678 5411 45 25 het
1741 5409 120 25 zielental
1871 5409 94 25 slechts
1975 5413 56 21 621.

1128 5459 31 4 —
1175 5445 54 24 Een
1247 5444 172 30 landbouwer,
1436 5446 26 24 te
1482 5445 94 30 Koden,
1593 5444 22 26 is
1632 5443 64 26 door
1713 5441 31 26 de
1761 5441 100 25 arrond.
1887 5441 143 25 rechtbank

1095 5476 81 26 alhier
1193 5476 164 26 veroordeeld
1374 5477 40 25 tot
1430 5485 60 17 eene
1513 5473 226 37 gevangenisstraf
1760 5481 48 17 van
1834 5473 54 25 drie
1906 5473 125 25 maanden

1095 5518 31 17 en
1143 5518 61 17 eene
1221 5509 136 33 geldboete
1374 5518 50 17 van
1436 5512 21 30 ƒ
1469 5512 39 28 75,
1526 5517 102 25 wegens
1644 5507 47 26 het
1710 5505 150 33 onbevoegd
1886 5505 145 26 uitoefenen

1095 5542 45 25 der
1156 5542 176 25 verloskunde.

1127 5575 13 13 *
1157 5574 217 30 STEENWIJK!,
1391 5576 33 24 30
1442 5574 60 26 Dcc
1535 5574 39 26 De
1592 5570 146 34 gasfabriek
1756 5570 81 26 welke
1861 5572 27 22 16
1909 5570 74 25 dezer
2000 5577 32 26 op

1102 5609 17 27 /'
1131 5610 85 25 17.134
1244 5616 53 17 was
1320 5607 103 33 ingezet
1440 5607 21 25 is
1478 5607 84 26 heflen
1580 5604 25 32 f
1618 5608 60 22 1300
1696 5603 148 26 daarboven
1861 5610 32 18 en
1911 5603 72 25 alzoo
2000 5610 32 25 op

1095 5641 120 30 ƒ18,434
1237 5640 138 31 afgemijnd
1391 5640 70 27 door.
1470 5639 50 25 den
1537 5639 63 25 heer
1615 5636 129 33 Keveling
1759 5636 26 25 te
1802 5635 87 25 Joure.

1127 5674 13 14 *
1156 5668 191 34 ENSCHEDÉ,
1365 5675 33 24 29
1415 5673 61 25 Dee.
1509 5672 39 25 De
1574 5669 123 26 klachten
1722 5665 45 30 der
1792 5666 241 34 hulponderwijzers

1096 5706 24 24 in
1137 5706 59 24 deze
1215 5707 132 27 gemeente
1365 5713 32 15 en
1415 5705 40 24 die
1481 5712 48 15 van
1557 5701 31 26 de
1615 5700 257 32 hoofdonderwijzers
1897 5699 27 25 in
1942 5698 31 25 de
1990 5706 28 25 ge-

1094 5738 100 24 meente
1212 5737 141 28 Lonneker,
1371 5743 60 18 over
1456 5734 31 26 de
1504 5734 90 32 karige
1618 5732 177 31 bezoldiging,
1821 5730 104 26 worden
1949 5730 84 25 steeds

1095 5769 156 31 dringender
1267 5777 32 17 en
1320 5767 51 32 zijn
1396 5767 54 25 niet
1476 5765 156 32 ongegrond.
1667 5764 39 25 De
1730 5761 242 33 hulponderwijzers
1989 5770 28 24 ge-

1094 5800 87 26 nieten
1199 5807 60 18 eene
1274 5799 146 33 jaarwedde
1439 5806 51 15 van
1501 5799 25 28 ƒ
1538 5799 56 25 375.
1628 5796 161 31 Vergeleken
1805 5794 34 37 bij
1861 5794 30 25 de
1909 5793 56 26 vele
1988 5802 31 18 an-

1094 5832 60 26 dere
1170 5833 151 31 gemeenten
1339 5831 72 25 komt
1430 5829 59 25 deze
1507 5837 54 17 som
1578 5828 137 26 misschien
1739 5824 116 39 tamelijk
1879 5826 69 30 hoog
1964 5833 69 25 voor,

1095 5867 86 24 neemt
1198 5871 58 18 men
1274 5864 90 24 echter
1383 5863 26 21 in
1427 5859 168 33 aanmerking
1612 5859 50 25 den
1678 5859 100 31 hoogen
1795 5858 63 32 prijs
1874 5858 46 25 der
1936 5855 84 30 levens-

1095 5896 137 27 middelen,
1248 5895 52 24 dan
1316 5894 74 24 komt
1406 5900 59 17 men
1481 5893 41 24 tot
1540 5898 60 17 eene
1618 5890 93 25 andere
1729 5897 125 24 meening.
1873 5890 91 25 Alleen
1972 5897 60 19 voor

1096 5928 48 26 den
1162 5927 66 30 kost,
1247 5924 93 27 zonder
1357 5930 76 24 meer,
1450 5921 86 28 willen
1554 5922 30 33 zij
1602 5921 146 33 fatsoenlijk
1765 5929 32 18 en
1814 5922 219 34 overeenkomstig

1096 5961 104 22 hunnen
1218 5957 76 24 stand
1312 5956 146 30 gehuisvest
1476 5956 57 27 zijn,
1552 5956 69 22 moet
1632 5957 25 26 f
1663 5956 51 24 250
1723 5961 46 25 per
1781 5954 59 32 jaar
1859 5955 102 24 betaald
1971 5963 46 17 wor-

1097 5989 56 25 den.
1187 5988 35 25 Er
1239 5988 83 25 schiet
1339 5987 46 24 dus
1403 5979 149 38 nauwelijks
1569 5993 98 25 genoeg
1683 5992 60 19 over
1760 5993 43 17 om
1819 5985 57 26 zich
1892 5985 141 37 behoorlijk

1098 6021 25 26 te
1142 6020 105 24 klee.len
1266 6027 28 15 en
1313 6019 31 22 de
1363 6018 132 30 noodigsie
1522 6019 119 28 uitgaven
1664 6018 25 25 te
1708 6015 145 33 bestrijden.
1887 6018 31 25 In
1935 6019 40 26 dit
1991 6027 28 26 op-

1098 6053 69 22 zicht
1186 6052 19 22 is
1224 6048 174 33 ongetwijfeld
1415 6056 44 20 een
1480 6044 216 31 fabriekarbeider
1713 6057 27 17 er
1757 6048 71 25 beter
1846 6059 47 15 aan
1912 6052 48 24 toe.
1978 6052 54 26 Met

1098 6085 28 22 de
1147 6080 255 35 hoofdonderwijzers
1421 6084 22 22 te
1474 6080 131 27 boaneker
1622 6081 21 25 is
1661 6080 44 27 het
1730 6089 51 24 nog
1798 6080 112 28 slechter
1926 6085 104 28 gesteld.

1101 6117 63 22 |),ze
1183 6116 117 30 genieten
1319 6125 59 15 eene
1394 6113 148 35 jaarwedde
1569 6123 46 17 van
1633 6117 22 28 ƒ
1674 6118 58 22 400.
1757 6117 52 24 met,
1835 6116 60 32 vrije
1924 6118 106 32 woning.

1101 6148 34 24 Kn
1156 6148 43 24 het
1217 6148 50 31 zijn
1284 6156 63 21 geen
1367 6149 90 27 kleine,
1476 6148 92 30 weinig
1587 6146 120 26 bezochte
1728 6146 255 34 buurschapscholen,
1995 6150 25 26 in-

1098 6178 141 32 tegendeel,
1257 6180 70 38 bijna
1343 6182 66 25 allen
1428 6181 78 25 tellen
1526 6187 67 18 meer
1612 6178 47 26 dan
1694 6183 44 22 100
1754 6180 152 35 leerlingen;
1924 6190 46 19 een
1988 6183 44 26 der

1098 6209 254 37 hoofdonderwijzers
1378 6215 72 25 heeft
1467 6213 61 26 zelfs
1553 6214 66 24 twee
1644 6213 247 34 hulponderwijzers.
1926 6214 39 35 Op
1983 6216 37 25 fat-

1098 6246 137 32 soenlijken
1254 6248 59 22 voet
1330 6255 50 17 van
1397 6247 40 24 die
1452 6244 148 34 jaarwedde
1609 6247 25 22 te
1651 6246 80 28 leven,
1749 6246 21 25 is
1788 6255 60 17 eene
1866 6248 151 33 onmogelijk-

1097 6278 65 27 heid.
1196 6279 35 32 Zij
1251 6279 50 32 zijn
1318 6279 50 27 dan
1385 6279 48 26 ook
1452 6279 157 32 gedwongen
1626 6278 163 35 gedeeltelijk
1798 6279 39 28 als
1853 6280 178 27 landbouwers

1096 6312 25 25 in
1139 6313 86 24 hunne
1243 6306 137 31 behoeften
1397 6314 26 22 te
1449 6312 125 25 voorzien.
1609 6312 53 25 Het
1687 6313 93 30 gevolg
1805 6313 112 26 daarvan
1939 6314 28 30 is,
1985 6314 45 24 dat

1097 6344 32 34 bij
1149 6344 142 28 vakaturen
1311 6345 94 26 slechts
1431 6344 73 26 zulke
1531 6344 176 34 onderwijzers
1733 6345 56 26 zich
1815 6345 157 33 aanmelden,
1991 6345 39 27 die

1095 6385 39 19 om
1153 6378 30 27 de
1201 6387 60 17 eene
1280 6379 27 24 of
1323 6379 92 25 andere
1436 6379 72 24 reden
1528 6378 81 24 elders
1628 6379 53 24 niet
1693 6378 100 27 terecht
1812 6379 109 28 kunnen,
1939 6380 91 31 terwijl

1094 6411 39 26 die
1152 6411 184 34 onderwijzers,
1357 6412 77 24 welke
1453 6412 52 24 met
1522 6410 30 26 de
1580 6410 105 34 noodige
1713 6410 214 27 bekwaamheden
1945 6412 71 30 toege-

1094 6445 63 26 rust,
1174 6452 30 17 en
1224 6444 138 26 inderdaad
1380 6445 53 22 niet
1450 6444 47 24 den
1517 6443 86 26 besten
1620 6444 72 31 geest
1710 6443 98 26 bezield
1825 6443 50 33 zijn
1892 6451 40 18 om
1945 6443 85 26 hunne

1091 6477 156 32 gewichtige
1264 6477 63 25 taak
1344 6483 64 19 naar
1433 6476 70 25 eisch
1527 6477 26 24 te
1570 6476 167 31 volbrengen,
1759 6475 219 32 langzamerhand
2004 6475 27 25 in

1091 6509 103 27 hunnen
1215 6510 60 31 ijver
1293 6510 102 24 moeten
1413 6507 151 26 verflauwen
1583 6516 31 15 en
1639 6508 44 24 ten
1700 6507 77 26 slotte
1802 6516 51 17 van
1870 6508 46 25 het
1941 6507 76 26 onder-

1093 6543 52 31 wijs
1165 6542 106 33 bijzaak,
1289 6549 50 19 van
1356 6542 48 25 den
1422 6540 138 26 landbouw
1577 6539 143 27 hoofdzaak
1740 6539 99 30 maken.
1873 6540 39 25 De
1930 6540 86 25 verder-

1091 6575 84 27 felijke
1193 6575 125 32 gevolgen
1338 6582 47 15 van
1404 6582 45 17 een
1468 6582 30 14 en
1517 6573 79 24 ander
1613 6580 61 17 voor
1700 6572 31 24 de
1753 6573 81 31 jeugd
1856 6572 103 25 kunnen
1978 6572 52 26 niet

1091 6601 131 37 uitblijven

1124 6641 9 11 *
1156 6638 172 32 DALPSEN,
1348 6641 32 25 30
1400 6638 57 28 Dec.
1486 6638 50 26 Dat
1554 6634 46 30 het
1616 6634 135 27 raadzaam
1769 6635 20 26 is
1808 6634 33 33 bij
1861 6634 44 27 liet
1922 6634 109 34 gebrnik

1093 6679 45 18 van
1157 6672 125 27 anijszaad
1304 6672 159 30 voorzichtig
1482 6673 22 20 te
1527 6671 64 30 zijn.
1613 6670 72 24 bleek
1704 6669 74 25 dezer
1796 6669 81 30 dagen
1897 6667 133 26 wederom.

1090 6705 28 26 In
1139 6705 47 25 den
1205 6704 100 27 omtrek
1324 6712 47 19 van
1401 6703 90 27 Kaalte
1508 6703 20 26 is
1547 6711 43 15 een
1609 6700 168 28 landbouwer
1796 6694 80 32 onder
1893 6699 32 26 de
1943 6699 73 34 hevig-

1089 6739 38 22 st,-
1143 6737 123 34 krampen
1281 6737 142 27 overleden,
1440 6737 60 26 kort
1508 6736 80 26 nadat
1606 6736 34 32 hij
1658 6735 50 33 ziju
1722 6732 152 30 avondmaal
1891 6733 139 33 genuttigd

1089 6769 59 28 had,
1165 6770 97 25 waarin
1271 6770 128 28 anijszaad
1409 6769 112 30 gekookt
1528 6776 60 18 was.
1606 6762 189 37 Vermoedelijk
1804 6765 167 33 bevond.zich
1985 6774 31 18 on-

2070 92 45 34 der
2132 90 39 35 dit
2189 91 63 34 zaad
2268 91 46 35 liet
2333 102 4 22 i
2421 99 21 25 Ie
2461 90 100 35 coriiunt
2580 92 164 38 macülaium.
2761 98 39 27 De
2818 102 102 35 overige
2936 91 56 34 tnns-

2069 133 144 30 gendóten,
2239 130 87 30 welke.
2420 137 47 21 k>ns
2484 139 50 18 van
2551 132 56 24 dien
2628 132 59 34 spijs
2704 131 169 32 gebruikten,
2896 131 48 31 zijn
2962 139 28 24 ge-

2070 156 91 41 lukkig
2177 156 63 33 door
2257 161 107 35 braking
2406 157 11 31 l
2448 163 31 27 de
2497 161 141 37 doódelijke
2656 163 106 33 gevolge
2784 157 145 31 ontkitiueii.

2104 197 51 24 *'s
2166 193 281 38 HEBTüGENI3y,'W
2454 196 26 30 T.,
2506 201 32 21 30
2564 191 60 31 Déc.
2668 195 37 26 De
2733 195 139 37 schipbrug
2898 201 61 18 over
2975 194 30 25 de

2070 229 78 25 rivier
2174 227 28 26 de
2222 227 72 27 Maas
2311 227 33 33 bij
2363 227 32 32 11.
2406 233 84 30 ;->«4,'s
2507 229 83 26 heden
2608 227 139 32 namiddag
2764 226 150 34 Opgeruimd
2931 234 31 17 en
2979 226 26 26 in

2070 260 31 27 de
2119 260 209 37 veilighei.lshak.
2485 262 25 31 t;
2529 262 30 25 de
2577 260 136 28 overtocht
2721 260 70 25 moet
2800 260 72 25 alzoo
2880 259 56 26 met
2943 259 60 33 pont

2072 296 31 21 én
2120 291 86 27 schuit
2223 292 84 32 plaats
2322 291 132 32 hebben''s
2461 302 39 17 ..or
2517 294 126 32 reizigers,
2662 293 40 25 die
2720 293 53 24 met
2789 292 46 25 bet
2849 291 156 32 staatsspoor

2072 333 51 17 van
2147 325 112 26 Utrecht
2284 325 40 25 tot
2350 326 79 26 Hedei
2456 335 102 24 ..poren,
2584 337 39 15 om
2643 333 63 18 naar
2730 322 224 27 Noord-Brabant
2980 324 25 25 te

2072 365 74 24 gaan,
2164 365 46 17 een
2226 358 76 28 groot
2319 357 118 28 bezwaar

2106 389 34 13 **
2158 389 132 31 BREDA,
2315 393 31 22 30
2370 389 59 28 Dee.
2458 387 54 28 M-t
2537 385 30 33 1».
2588 387 58 30 Jan.
2663 398 24 18 a.
2705 396 19 19 S.
2743 383 71 32 heeft
2831 387 30 24 de
2880 385 124 34 volgende

2073 420 109 26 mutatie
2209 422 84 37 plaats
2317 422 32 33 bij
2368 424 45 25 het
2430 425 130 31 personeel
2576 424 45 24 der
2637 423 24 26 k.
2679 431 32 17 m.
2730 419 148 28 akademie:
2895 422 38 22 De
2956 418 48 25 Iste

2073 450 57 28 l«it.
2148 451 45 27 der
2209 454 46 26 inf.
2278 455 26 25 C.
2323 463 47 18 van
2389 457 110 25 Maamn
2517 456 20 25 is
2556 464 31 24 op
2606 455 106 26 verzoek
2730 452 87 27 eervol
2835 451 39 25 uit
2885 452 63 28 zijne
2957 450 32 25 be-

2074 485 120 33 trekking
2210 487 39 25 als
2265 487 90 26 docent
2373 489 100 28 onthevi
2486 491 12 21 rt
2520 495 30 18 en
2569 487 191 33 overgeplaatst
2778 484 33 31 bij
2830 483 45 27 het
2893 482 45 25 Ode
2954 490 51 22 reg.

2073 519 61 33 inf:,
2161 513 84 32 alhier
2274 519 25 26 in
2323 520 151 32 gafnisden,
2502 519 92 33 terwijl
2619 519 50 26 ook
2683 519 32 26 de
2733 516 99 28 officier
2848 522 51 18 van
2915 513 90 31 politie

2074 550 27 27 C:
2127 544 27 33 CV
2181 552 50 25 vart
2249 550 122 28 Resteren
2388 562 32 25 op
2437 552 107 26 verzink
2563 546 33 35 liij
2615 552 125 32 genoemd
2758 555 52 27 reg.
2830 548 20 25 is
2867 544 137 34 geplaatst.

2073 582 39 26 De
2140 580 51 28 iste
2217 583 56 25 luit.
2294 585 24 26 J.
2335 586 31 25 11.
2383 583 125 27 Weellink
2528 592 46 17 van
2593 583 44 25 bet
2653 580 227 31 instruktie-bat:,
2897 578 107 33 tijdelijk

2074 615 34 32 bij
2135 615 30 27 de
2191 615 129 27 akademie
2342 615 187 34 gedetacheerd
2543 615 22 26 is
2581 615 97 34 daarbij
2695 612 131 31 definitief
2839 609 165 33 aaiigesteld,

2074 644 93 35 terwijl
2192 647 28 25 de
2251 650 51 26 Iste
2327 650 57 26 luit.
2409 651 24 25 J-.
2460 650 28 25 A.
2516 647 112 27 AidescH
2650 650 50 24 Van
2718 643 93 31 Hamel
2829 648 50 20 vail
2896 643 45 25 het
2957 643 47 26 3de

2075 687 52 27 reg:
2145 678 107 37 tijdelijk
2270 673 33 41 bij
2321 681 30 27 de
2367 681 132 31 akademie
2516 679 83 27 wordt
2614 678 194 35 gedetacheerd.
2970 698 12 5 -

2109 712 11 13 *
2138 709 317 34 BERÜEX^ÜP'ZOOM,
2479 711 33 28 3(1
2538 712 60 26 Dcc;
2637 713 92 25 Heden
2756 709 70 27 werd
2843 707 84 26 alhier
2944 709 60 24 vo*or

2075 741 45 30 het
2145 742 70 32 flrónt
2241 752 47 18 -an
2311 744 40 28 lul
2373 746 138 33 gafrtiioen
2529 748 31 28 öp
2577 738 129 39 plechtigel
2722 743 71 38 wijze
2812 741 47 26 aai!
2878 739 48 25 den
2944 739 60 25 heer

2076 776 110 26 Afitonie
2204 777 30 25 de
2252 776 59 31 Wit,
2330 774 299 39 adjudant-kondukteur
2640 776 44 26 der
2694 770 141 32 Artillerie,
2852 775 50 22 iste
2915 770 90 30 klasse,

2076 808 139 34 uitgereikt
2233 809 30 26 de
2282 811 104 27 Gouden
2402 809 122 28 Medaille
2541 810 53 24 met
2606 811 24 30 ƒ
2642 811 30 21 50
2689 806 167 35 gratifikatie,
2874 811 61 18 voor
2944 803 60 26 door

2076 842 59 26 hem
2153 841 167 28 volbrachten
2336 844 132 33 3(ijarigen
2486 841 188 37 onafgebroken
2683 840 122 33 eerlijken
2813 840 118 25 trouwen
2939 836 53 25 mili-

2076 874 85 25 tairen
2178 874 56 25 dien

2934 1205 2 1 WEERKUNDIGE
2934 1205 2 2 WAARNEMINGEN.

2903 1492 21 31 31
2906 1543 18 144 December
2898 1706 30 26 (8
2917 1746 5 46 -ure
2906 1811 17 44 des
2906 1870 18 84 voorn
2906 1958 6 112 iddags>.

2839 1198 13 159 Barometer-
2844 1408 9 90 Wind-
2833 1602 18 174 wi«vii™.«i«»
2841 1857 26 162 Thenaom.l
2841 2256 25 130 ïwjstand

2794 1189 39 5 j
2807 1207 19 133 afwijking
2810 1396 6 124 richting.
2826 1607 18 176 v>mukraent.
2809 1876 5 105 Celsius.
2810 2083 17 52 Ar
2810 2152 4 81 lucht.
2807 2422 19 45 der
2809 2484 5 50 zee.

2735 945 26 165 [Groningen
2752 1234 4 30 —
2745 1299 22 48 4.S
2745 1446 5 25 Z.
2745 1680 22 30 10
2752 1881 4 33 —
2745 1949 22 46 1.6
2744 2125 25 136 lichtwolk
2748 2460 6 31 —

2724 945 6 4 'i
2711 963 6 223 Nieuwediep....
2719 1235 4 30 —
2713 1299 21 48 5.5
2712 1446 5 25 Z.
2712 1681 24 31 12
2718 1883 5 32 —
2714 1936 6 38 '0.
2711 1980 24 18 2
2718 2161 5 31 —
2709 2452 18 44 zee

2674 946 37 4 i
2682 963 22 154 Maastricht
2686 1237 4 30 —
2675 1297 20 51 .K
2696 1297 17 51 2
2680 1410 26 85 Z.Z.W
2679 1696 24 17 5
2686 1923 4 40 —
2685 2156 6 33 —
2683 2464 5 31 —

2657 944 22 2 !
2646 948 26 1 l
2650 965 14 143 Vlissingen
2654 1237 4 30 —
2647 1299 24 48 6.10
2647 1410 4 93 Z.Z.W.
2647 1680 22 34 20
2654 1922 4 43 —
2663 2091 1 158 'betrokken
2650 2464 5 31 —

2611 944 37 2 I
2617 964 14 202 W.-Hanlef„ic:.
2614 1180 6 6 .
2622 1237 4 30 —
2614 1286 24 63 14.*2
2614 1426 6 67 Z.W.
2622 1682 2 31 —
2622 1880 6 37 ~t-
2614 1950 24 48 5O
2614 2173 14 12 .
2611 2431 17 96 schoon

2577 944 22 2 ;
2584 964 24 142 Yarmouth
2589 1285 4 31 —
2582 1411 5 92 Z.Z.W.
2590 1680 2 32 —
2589 1924 4 43 —
2580 2118 26 116 bewolkt
2585 2463 4 32 —

2543 944 33 2 j
2546 964 13 222 Portsmouth......
2557 1237 4 31 —
2550 1302 22 43 ü.'
2549 1427 6 67 Z.W.
2546 1680 15 239 —H-
2549 1950 24 44 6.1
2550 2174 14 12 »
2539 2425 24 106 gewoon

2522 944 17 2 i
2516 965 27 220 Fa1m0uth.......
2524 1285 4 32 —
2525 1443 2 30 —
2525 1675 4 38 —
2524 1926 4 40 —
2523 2160 4 31 —
2520 2464 4 31 —

2481 944 15 2 i
2486 964 15 97 Nairne
2491 1238 5 31 —
2484 1285 24 65 20.t>
2485 1427 5 67 Z.W.
2485 1598 17 106 frissche
2485 1724 15 67 bries
2492 1886 15 32 -f
2485 1951 22 48 5.6
2484 2115 25 116 bewolkt
2483 2368 24 208 .zaïhtjgolverid

2383 945 85 142 iValentia
2459 1286 4 31 —
2460 1442 2 32 —
2460 1678 4 31 —
2460 1926 2 40 —
2458 2160 4 32 —
2456 2467 5 30 —

2421 965 4 221 Northshields...
2427 1237 4 31 —
2420 1287 22 61 15J2
2420 1426 6 69 Z.W.
2422 1659 24 72 zwak
2430 1886 4 33 -f-
2420 1952 24 47 4.4
2420 2118 25 116 bewolkt
2411 2418 33 110 golvend

2388 965 17 131 Perizance
2395 1237 4 30 —
2388 1286 22 63 12.*2
2396 1441 2 31 —
2389 1669 25 44 stil
2383 1804 30 35 (1)
2396 1889 15 31 -f
2389 1952 21 47 5.0
2389 2124 17 103 nevelig
2395 2360 2 31 •_...,
2386 2418 18 58 zeer
2386 2493 25 44 hol

2349 944 27 2 j
2356 965 15 86 Harre
2356 1163 5 20 -.
2363 1235 4 28 —
2354 1299 25 48 7.7
2357 1423 5 66 Z'W.
2357 1569 9 7 .
2355 1609 18 90 sterke
2357 1715 18 67 bries
2363 1933 5 33 —
2355 2473 15 12 »

2324 963 24 77 Brest
2331 1234 15 111 —11.3
2324 1443 6 26 Z.
2324 1676 26 45 stil
2323 1889 26 32 +
2324 1954 24 47 9.2
2333 2076 8 183 -regenachtig
2322 2456 25 46 hol

2297 945 26 4 -i
2293 961 15 83 Parijs
2300 1233 5 30 —
2293 1296 22 48 5.-3
2293 1422 6 57 Z.O.
2293 1661 26 77 zwak
2298 1879 6 41 -—
2293 1954 22 47 0.6
2301 2057 8 71 -bijna
2291 2150 17 141 betrokkec
2296 2465 4 32 —

2150 1491 91 47 Sis
2223 1557 15 162 Nederland:
2222 1729 25 228 ®aastricht'2..B
2220 1974 7 63 mM.
2223 2053 4 155 Vhstiugen.

2158 1511 17 32 in
2158 1558 25 48 het
2150 1623 25 104 geheel:
2158 1811 13 13 »
2157 1899 5 72 H
2161 1899 20 72 6..8
2159 2004 13 13 «
2157 2057 5 105 Nairne.

2119 1020 26 70 Doet
2121 1107 15 163 verwachten
2119 1289 19 116 matigen
2119 1421 5 97 Z.Z.W.
2122 1527 6 85 -«.vind.

2080 1024 30 35 (1)
2087 1078 18 86 Stom
2099 1170 13 53 'tot
2079 1239 25 115 gisteren
2083 1370 26 17 7
2086 1404 17 45 ure
2087 1467 2 148 namiddag.
2094 2101 15 4 !

2140 2654 91 38 Gouden
2231 2654 24 38 en
2255 2654 44 38 Zilveren
2298 2654 385 38 Specien.

2108 2704 177 28 10-Guldenst.
2304 2702 25 31 ƒ
2337 2704 64 24 9.85
2409 2708 14 18 a
2435 2704 78 32 9.95;
2530 2704 59 26 Ger.
2598 2702 120 27 Ducaten
2730 2700 89 32 /5.65
2826 2705 15 18 a
2852 2700 13 22 5
2883 2700 47 27 75;
2942 2696 64 33 Eng.

2073 2738 76 25 Souv.
2157 2739 26 30 f
2194 2739 78 24 11.90
2281 2744 15 17 a
2308 2738 37 22 12.
2356 2743 46 20 —;
2411 2733 115 33 Pistolen
2533 2739 26 30 f
2567 2740 65 22 9.70
2640 2739 57 22 aBO
2704 2745 7 20 -,
2720 2732 78 27 Louis
2807 2730 63 26 dOr
2878 2731 77 31 f—.
2961 2744 30 5 —
2996 2750 6 6 .

2073 2770 30 26 St
2128 2776 50 20 van
2194 2769 33 26 20
2244 2765 28 28 fr
2293 2766 172 32 ƒ9:43a33;
2483 2767 83 27 Bareri
2584 2767 74 27 Gditd
2675 2760 211 37 enSpetiëiiaƒ
2896 2763 111 26 1443.60

2072 2800 44 33 per'
2134 2798 22 30 *
2179 2794 46 39 fijn
2246 2802 61 31 113/
2309 2802 14 31 a
2324 2806 15 18 a
2360 2799 60 31 121/
2421 2799 13 31 a
2435 2800 72 32 pUt.;
2532 2802 61 32 fijne
2611 2800 84 25 Barert
2714 2802 51 21 vart
2902 2793 41 25 tot
2960 2794 47 26 980

2072 2826 25 38 f
2106 2849 31 5 _
2143 2844 6 17 :
2156 2849 31 5 _
2202 2842 17 18 a
2235 2841 97 20 -.-;
2350 2830 83 25 Baren
2448 2832 84 26 Zilver
2548 2831 48 27 9ÓO
2611 2833 41 24 tot
2670 2829 182 31 300/104.50
2870 2833 15 17 a
2898 2829 107 27 105.20;

2070 2867 117 26 Piasters
2203 2867 100 31 ƒ2.50
2319 2871 15 18 a
2350 2864 79 30 2.60;
2447 2863 128 28 Prattsche
2593 2864 120 26 KrdOnen
2731 2861 99 31 ƒ2.70
2846 2861 14 26 a
2861 2861 90 26 2.,5-,
2969 2856 37 27 St.

2073 2907 50 19 van
2140 2903 15 22 5
2174 2900 30 25 fr.
2222 2900 25 28 ƒ
2256 2900 65 25 2.34
2337 2904 14 18 a
2366 2898 79 27 2.37;
2463 2896 77 28 Brab:
2556 2897 122 27 Króorien
2695 2895 25 31 ƒ
2730 2893 177 28 2.65a2.70-,
2924 2889 83 27 Pruis.

2072 2930 126 26 Daalders
2213 2931 26 27 ƒ
2251 2933 61 24 1.73
2330 2936 14 17 a
2365 2928 67 26 1.70.

2289 3008 174 34 PROCES
2486 3006 305 38 TRAUPMANN.

2518 3053 113 32 PAniiS,
2649 3057 32 24 29
2698 3053 60 25 Dee.
2779 3051 86 30 (Part.
2884 3051 90 25 Kon}

2105 3089 69 27 Over
2189 3089 46 26 ltót
2252 3083 90 38 geheel
2359 3083 71 27 heeft
2445 3085 30 26 de
2493 3086 116 34 houding
2626 3090 51 21 Van
2686 3083 164 31 ïraupnlaiirt
2861 3079 146 30 gedurende

2073 3120 50 27 den
2148 3122 100 25 eersten
2265 3120 53 33 dag
2335 3118 46 26 der
2395 3117 196 35 terechtzitting
2607 3128 32 17 en
2655 3119 48 25 ook
2722 3111 85 30 heden
2818 3118 46 17 een
2874 3111 119 30 ongunsti-

2073 3161 50 26 gen
2139 3154 94 26 indruk
2251 3151 128 34 gemaakt.
2402 3150 38 25 De
2458 3151 226 33 ongevoeligheid,
2701 3144 144 30 waarmetle
2865 3144 34 30 luj
2917 3144 74 24 neder-

2074 3184 81 27 blikto
2173 3193 33 30 op
2223 3185 31 24 de
2272 3183 242 32 kleedingstukken,
2533 3182 176 28 doortrokken
2726 3178 56 27 met
2789 3177 47 24 het
2846 3177 74 22 bloed
2929 3181 77 32 zijner

2073 3219 155 33 rampzalige
2245 3215 175 31 slachtoffers,
2438 3216 63 33 zijne
2519 3217 129 32 pogingen
2665 3223 43 17 om
2724 3213 32 26 de
2769 3208 202 33 nagedachtenis
2980 3210 25 24 te

2073 3250 154 26 bezoedelen
2245 3257 48 17 van
2311 3249 51 24 den
2378 3247 117 33 eerlijken
2513 3257 30 17 en
2561 3247 188 31 rechtschapen
2765 3242 65 25 Jean
2844 3241 89 27 hinck,
2942 3241 63 30 zijne

2074 3282 202 27 onbeschaamde
2302 3289 30 14 en
2359 3281 135 33 Ongepaste
2520 3281 52 26 taal
2587 3281 93 33 jegens
2696 3279 32 25 de
2745 3273 124 37 getuigen
2888 3273 116 31 bewijzen

2074 3317 60 25 ceiie
2150 3313 210 30 verdorvenheid,
2378 3320 117 20 waarvan
2511 3322 32 24 op
2551 3317 46 22 zod
2603 3311 145 34 jeugdigen
2757 3307 100 30 leeftijd
2869 3307 136 22 misschien

2074 3354 64 25 geen
2154 3347 98 25 tweede
2270 3345 137 25 voorbeeld
2424 3346 54 25 valt
2494 3353 50 18 aan
2561 3346 26 24 te
2604 3343 97 33 wijzen;
2728 3340 40 31 Op
2787 3343 61 20 eene
2867 3343 80 24 vraag
2957 3343 47 18 van

2074 3379 48 27 den
2147 3378 131 33 president
2297 3377 144 27 antwoordt
2467 3377 51 34 hij:
2535 3378 38 25 als
2593 3383 58 19 men
2669 3372 43 34 mij
2730 3370 57 27 met
2804 3369 43 26 wil
2865 3369 138 32 gelooven,

2074 3412 39 25 zal
2132 3412 27 24 ik
2184 3412 60 24 deze
2269 3411 66 24 recht
2526 3419 13 13 n
2563 3403 168 33 komediespel
2752 3402 176 26 beschouwen.
2957 3402 47 24 Het

2073 3444 98 25 nieuwe
2196 3441 87 27 stelsel
2307 3448 51 19 van
2374 3441 167 33 verdedigitig
2557 3441 63 26 dddr
2636 3438 59 25 hem
2713 3431 170 35 uitgedacht,
2901 3431 103 30 waarbij

2074 3477 34 28 hij
2127 3475 56 25 zich
2200 3474 87 26 zelveil.
2306 3474 59 26 dóet
2383 3474 151 25 vóórkomen
2552 3472 39 25 als
2608 3467 200 33 medeplichtige
2828 3467 46 27 (hij
2896 3467 109 20 beWecVt

2074 3503 61 28 Zelfs
2160 3506 45 26 het
2230 3506 84 26 kleine
2339 3506 86 32 meisje
2443 3506 26 25 te
2486 3506 100 24 hebben
2607 3501 87 26 willen
2711 3498 97 26 redden
2826 3502 31 17 en
2875 3496 63 22 door
2957 3496 47 22 den

2075 3539 106 26 oudsten
2203 3539 46 26 der
2265 3537 53 26 drie
2337 3537 177 26 moordenaars
2532 3544 50 18 aan
2600 3534 31 26 de
2648 3530 70 28 hand
2735 3530 26 24 te
2780 3535 50 25 zijn
2846 3529 110 30 gewond
2973 3533 32 25 op

2074 3572 46 25 het
2144 3570 136 33 oogenblik
2306 3570 45 25 dat
2367 3570 34 33 hij
2419 3570 32 25 de
2467 3569 103 26 moeder
2587 3567 77 25 wilde
2681 3560 214 31 verdedigen!!!)
2914 3565 21 17 is
2952 3560 56 22 met

2074 3604 83 26 alleen
2174 3602 90 34 geheel
2281 3602 27 25 in
2324 3601 73 33 strijd
2414 3604 52 24 met
2483 3601 64 33 zijne
2565 3604 120 28 vroegere
2705 3593 213 27 bekentenissen,
2936 3595 70 19 maar

2075 3637 46 26 zal,
2140 3644 61 17 naar
2218 3637 46 24 het
2281 3635 43 32 mij
2341 3635 141 28 voorkomt,
2498 3633 132 35 geenszins
2641 3628 133 34 bijdragen
2784 3627 80 22 onule
2874 3628 133 26 overigens

2074 3667 61 27 toch
2156 3666 151 33 wanhopige
2334 3666 61 26 taak
2412 3676 48 17 van
2481 3665 50 34 zijn
2549 3659 207 39 welsprekenden
2783 3659 151 28 verdediger
2957 3659 48 19 mr.

2073 3700 122 25 Lachaud
2220 3700 26 24 te
2272 3698 261 33 vergemakkelijken,
2551 3698 47 28 die,
2617 3704 44 17 zoo
2680 3693 38 25 als
2735 3696 58 19 men
2811 3691 73 25 weet,
2902 3693 91 19 voorne-

2073 3737 71 21 mens
2161 3729 22 28 is
2200 3738 50 19 aan
2265 3731 27 26 te
2309 3731 106 32 toonen,
2432 3729 45 28 dat
2492 3730 165 27 Traunroann
2674 3723 172 30 krankzinnig
2863 3725 20 18 is

2107 3764 40 25 Na
2164 3764 31 25 de
2212 3764 189 31 ondervraging
2418 3763 22 25 is
2454 3765 50 24 een'
2512 3764 77 31 begin
2606 3758 123 37 gemaakt
2743 3757 54 22 niet
2813 3757 46 20 het
2868 3757 123 31 getuigen-

2074 3796 115 26 verhoor..
2224 3794 38 26 De
2287 3795 81 26 eerste
2393 3796 102 32 getuige
2520 3790 31 31 is'
2562 3795 31 25 de
2609 3790 174 28 kommis'saris
2807 3791 51 18 van
2876 3785 87 31 politie
2980 3785 27 24 te

2075 3829 124 28 Koubaix,
2213 3828 40 25 die
2272 3827 30 25 de
2319 3829 143 30 gunstigste
2474 3827 145 32 getuigehls
2636 3823 79 32 aflegt
2724 3822 45 22 ten
2778 3819 116 31 opzichte
2903 3824 50 17 van
2962 3819 45 22 bet

2075 3857 73 37 gezin
2165 3860 91 26 Kinck.
2274 3859 38 26 De
2329 3860 105 31 tweede,
2452 3860 77 31 Salie,
2546 3859 72 27 heeft
2635 3857 26 26 in
2674 3855 30 26 de
2721 3850 116 32 smederij
2848 3856 48 19 van
2906 3849 84 33 Iraup-

2074 3893 98 26 mann's
2192 3892 78 26 vader
2285 3893 123 33 gewerkt,
2425 3893 63 32 zijne
2502 3891 150 35 getuigenis
2668 3889 21 25 is
2707 3885 156 32 ongunstig;
2884 3889 60 18 voor
2962 3885 45 22 het

2074 3926 120 25 karakter
2212 3933 50 17 van
2278 3919 48 31 den
2344 3919 189 39 beschuldigde,
2550 3925 41 26 die
2611 3924 97 30 daarop
2725 3917 162 27 antwoordt:
2904 3917 38 24 De
2957 3921 33 27 ge-

2074 3959 72 31 tuige
2164 3958 21 24 is
2202 3965 46 17 een
2267 3957 126 37 ellendige
2411 3958 129 32 logenaar,
2565 3965 32 17 en
2614 3956 56 26 niet
2686 3958 60 20 eens
2761 3950 32 24 de
2812 3950 80 22 koord
2908 3956 50 15 van
2976 3950 30 22 de

2074 3990 61 33 galg
2152 3989 94 30 waard.
2265 3989 150 39 (Beweging
2433 3989 79 27 onder
2529 3981 46 33 het
2591 3985 124 37 publiek.)
2734 4010 146 9 .....
2950 4010 6 9 ,
2986 4011 4 7 ,

2075 4020 157 33 Vervolgens
2250 4020 103 26 worden
2369 4020 53 26 dne
2439 4022 122 32 getuigen
2580 4018 130 35 gehoord,
2726 4015 41 26 die
2787 4015 145 28 bevestigen
2950 4015 43 21 het-

2074 4063 65 24 geen
2154 4055 27 25 in
2198 4054 31 25 de
2249 4054 59 25 akte
2326 4061 51 18 van
2393 4054 196 33 beschuldiging
2606 4050 115 28 omtrent
2732 4046 45 26 het
2785 4044 182 30 kwaadaardig
2976 4052 31 17 en

2074 4087 87 26 valsch
2179 4085 122 27 karakter
2317 4093 50 19 van
2382 4085 47 27 den
2447 4085 183 33 beschuldigde
2647 4080 97 38 gezegd
2756 4085 28 17 is.
2800 4076 105 26 Daarna
2916 4076 92 31 volgen

2073 4119 89 32 eenige
2187 4119 137 33 getuigen,
2350 4119 40 26 die
2408 4120 31 25 de
2454 4119 145 34 gunstigste
2619 4116 182 27 verklaringen
2817 4111 117 30 afleggen
2950 4116 38 18 om-

2073 4150 72 27 trent
2161 4152 31 25 de
2209 4144 152 38 gewoonten
2374 4159 35 19 en
2424 4150 77 27 zeden
2518 4152 45 25 der
2580 4149 97 27 familie
2694 4144 91 27 Kinck-

2105 4183 53 26 Het
2183 4182 233 33 getuigenverhoor
2438 4183 21 26 is
2476 4183 84 26 heden
2576 4179 156 34 voortgezet,
2761 4176 51 24 len
2832 4176 28 21 10
2878 4179 44 18 ure
2939 4176 71 20 werd

2073 4217 164 32 Traupmann
2254 4215 194 33 binnengeleid;
2464 4217 35 32 hij
2517 4215 94 32 schijnt
2627 4214 50 25 iets
2688 4208 99 28 minder
2796 4208 90 30 gerust
2894 4208 51 21 dan
2952 4211 43 31 gis-

2072 4250 76 24 teren
2164 4256 31 17 ca
2211 4247 22 25 is
2251 4247 48 25 ook
2317 4247 48 25 iets
2382 4243 111 31 bleeker.'
2518 4250 38 24 De
2568 4243 113 31 'Gazelle
2696 4245 45 24 des
2756 4240 159 25 Tnbunaux,
2931 4240 40 21 ilie
2982 4240 26 21 ik

2070 4281 66 32 juist
2154 4280 120 30 ontvang,
2293 4280 58 33 zegt
2366 4280 120 30 evenwel,
2502 4279 46 27 dat
2564 4280 171 31 Traupmann,
2753 4272 113 33 gisteren
2883 4272 45 22 ten
2940 4272 15 21 6
2963 4276 45 19 ure

2073 4320 26 18 in
2117 4312 65 31 zijne
2199 4312 38 24 cel
2254 4311 195 34 teruggevoerd,
2467 4320 57 17 zeer
2539 4305 109 37 vroolijk
2657 4316 59 20 was,
2728 4313 31 18 en
2769 4305 45 22 dat
2822 4310 33 18 na
2865 4309 48 24 zijn
2924 4305 67 20 maal-

2073 4344 48 31 tijd
2137 4338 72 37 'zijne
2235 4344 163 32 opgeruimde
2422 4344 137 33 stemming
2581 4337 63 32 zelfs
2659 4346 52 26 nog
2727 4339 119 22 toenam,
2864 4336 92 22 zoodat
2973 4336 34 27 hij

2073 4371 100 32 allerlei
2191 4376 176 34 kwinkslagen
2383 4377 102 27 maakte
2500 4385 33 17 en
2550 4384 60 18 over
2626 4375 47 26 het
2689 4368 91 38 geheel
2797 4374 64 25 geen
2882 4367 128 32 bijzonder

2073 4408 113 33 gewicht
2202 4407 92 27 Scheen
2311 4410 25 25 te
2354 4410 110 24 hechten
2481 4416 48 17 aan
2548 4409 110 31 hetgeen
2676 4402 145 35 gedurende
2833 4402 47 20 den
2894 4402 99 26 algeloo-

2073 4447 47 26 pen
2139 4440 51 32 dag
2206 4447 52 19 was
2274 4441 188 34 voorgevallen.
2494 4440 53 27 Ten
2572 4442 46 30 91/2
2637 4444 46 20 ure
2701 4433 72 30 heeft
2789 4433 35 32 hij
2843 4433 56 22 zich
2915 4433 27 20 te
2962 4433 46 20 bed

2073 4472 93 32 gelegd
2183 4480 31 17 en
2232 4473 20 24 is
2269 4473 70 25 kalm
2355 4474 156 30 ingeslapen.
2850 4494 7 9 ,
2872 4494 4 6 ,
2906 4492 18 8 

2106 4504 38 26 De
2161 4504 81 26 eerste
2259 4504 104 34 getuige
2381 4505 80 26 heden
2479 4504 21 26 is
2516 4504 83 32 Huck,
2617 4502 31 26 de
2657 4494 230 33 slachtersknecht,
2898 4494 40 22 die
2950 4498 44 19 ver-

2073 4537 87 26 klaart
2186 4544 31 26 op
2242 4537 80 27 welke
2348 4538 70 31 wijze
2438 4537 34 32 hij
2496 4545 32 25 op
2545 4537 46 26 liet
2610 4534 59 27 veld
2688 4540 47 18 van
2756 4530 122 30 l.anglois
2898 4530 45 20 liet
2963 4530 44 26 iijk

2073 4577 50 18 van
2144 4569 112 26 Gustaaf
2271 4570 84 25 Kinck
2370 4564 72 31 heeft
2458 4563 116 32 ontdekt.
2593 4570 103 28 Daarop
2712 4563 74 32 volgt
2805 4560 106 25 Durand
2924 4577 5 9 ,
2948 4560 45 21 hor-

2073 4600 148 33 logemaker
2235 4602 27 26 te
2280 4602 97 33 Parijs,
2395 4609 48 19 aan
2461 4600 66 26 wien
2544 4602 164 32 Traupmann
2726 4602 61 19 voor
2804 4596 33 22 80
2855 4594 90 21 franks
2962 4596 45 17 een

2073 4633 102 31 gouden
2199 4633 106 33 horloge
2328 4633 72 27 heeft
2425 4633 138 30 verkocht,
2589 4633 46 25 dat
2667 4628 126 35 gebleken
2828 4633 24 17 is
2875 4631 50 18 aan
2942 4626 65 20 Jean

2074 4664 84 27 Kinck
2181 4665 26 26 te
2233 4667 100 26 hebben
2357 4665 165 27 toebehoord.
2556 4665 51 26 Tot
2630 4664 48 25 den
2702 4659 105 34 getuige
2826 4656 178 26 Dussonviüe,

2075 4697 237 34 werktuigkundige
2331 4700 26 26 te
2374 4698 124 30 Roubaix,
2515 4697 41 26 die
2575 4706 60 18 eene
2653 4694 94 33 hoogst
2767 4690 120 33 gunstige
2906 4690 87 22 verkla-

2073 4730 60 32 ring
2148 4730 79 33 aflegt
2244 4733 44 25 ten
2306 4731 117 32 opzichte
2441 4739 48 17 van
2506 4729 66 27 Jean
2589 4728 92 30 Kinck,
2699 4726 60 32 zegt
2769 4723 32 26 de
2811 4723 195 26 beschuldigde:

2073 4763 40 26 En
2137 4762 61 26 toch
2222 4763 22 26 is
2268 4765 85 26 Kinck
2378 4770 64 19 naar
2465 4762 48 25 den
2533 4761 76 26 Elzas
2624 4757 157 27 vertrokken
2800 4762 40 18 om
2857 4760 28 18 er
2903 4753 103 24 valsene

2074 4796 74 25 munt
2172 4796 27 24 te
2218 4796 100 26 maken.
2350 4796 39 25 De
2414 4795 135 33 president
2569 4794 57 32 legt
2652 4792 50 25 den
2718 4791 105 33 getuige
2839 4787 32 25 de
2888 4787 104 30 fotogra-

2073 4828 51 25 fiën
2147 4834 64 19 voor
2233 4828 46 27 der
2303 4828 80 33 lijken
2404 4835 48 19 van
2469 4827 31 25 de
2517 4826 97 26 familie
2633 4824 100 28 Kinck,
2751 4821 124 33 getuigen
2898 4820 110 21 herkent

2073 4860 81 30 allen;
2171 4860 96 26 daarna
2284 4861 103 26 worden
2405 4859 122 26 diezelfde
2545 4859 144 30 portretten
2707 4856 50 25 den
2774 4851 190 30 beschuldigd.-,
2976 4856 31 24 op

2073 4893 52 25 last
2148 4900 50 17 van
2223 4893 50 25 den
2289 4893 146 32 president,
2452 4890 155 33 voorgelegd
2619 4909 5 11 ,
2640 4889 41 26 die
2706 4886 71 33 zegt:
2794 4891 52 21 zie,
2865 4889 27 18 in
2909 4885 98 20 welken

2073 4925 70 24 staat
2160 4932 54 17 uwe
2232 4926 161 25 slachtoffers
2409 4931 84 18 waren
2511 4924 61 24 toen
2589 4929 58 18 men
2663 4929 28 18 ze
2711 4918 110 27 ontdekt
2830 4918 77 22 heelt,
2941 4918 53 19 lier-

2072 4956 64 26 kent
2150 4956 34 33 gij
2202 4957 71 27 hen?
2306 4958 39 25 De
2361 4955 183 38 beschuldigde
2559 4963 33 17 na
2609 4954 54 26 met
2680 4959 47 19 een
2744 4949 70 27 kalm
2824 4954 48 25 oog
2881 4948 71 22 ieder
2961 4948 45 21 der

2070 4989 155 33 fotografiën
2261 4990 152 26 beschouwd
2447 4989 25 25 te
2494 4982 122 35 hebben,
2643 4982 136 30 antwoord
2807 4982 58 24 dot:
2890 4982 32 20 ik
2949 4982 44 20 her-

2092 5031 151 56 algemeen
2259 5054 21 26 is
2298 5055 31 26 de
2344 5052 202 34 belangstelling
2572 5057 32 20 en
2627 5050 31 26 de
2683 5043 163 38 deelneming
2865 5041 79 28 onder
2962 5041 45 25 het

2070 5085 104 34 talrijke
2203 5086 157 28 auditorium
2383 5086 34 33 bij
2445 5086 30 25 de
2500 5083 174 34 verschijning
2699 5080 44 25 der
2763 5078 105 33 getuige
2885 5078 120 30 Dupont,

2070 5127 61 17 eene
2148 5120 85 25 zuster
2249 5120 46 25 der
2310 5127 89 19 vrouw
2414 5126 50 17 van
2480 5117 99 30 Kinck;
2606 5115 32 30 zij
2655 5121 21 17 is
2694 5119 48 18 aan
2760 5117 60 18 eene
2839 5111 91 28 hevige
2947 5114 46 18 aan-

2070 5151 111 32 doening
2206 5152 40 26 ter
2263 5152 72 31 prooi
2352 5159 32 18 en
2400 5150 146 26 antwoordt
2571 5143 97 31 slechts
2692 5144 54 25 met
2761 5143 103 25 moeite,
2897 5143 35 22 Zii
2952 5147 43 17 ver-

2069 5184 86 25 klaart
2166 5204 6 11 ,
2189 5184 47 26 dat
2259 5184 66 26 Jean
2343 5183 85 26 Kinck
2444 5183 27 25 in
2489 5181 50 25 den
2563 5179 74 26 Elzas
2657 5185 45 18 een
2720 5174 135 33 eigendom
2872 5173 133 26 hebbende

2070 5216 125 32 gekocht,
2223 5223 28 18 er
2275 5216 76 26 wilde
2375 5222 67 26 gaan
2466 5220 89 18 wonen
2580 5219 32 17 en
2630 5211 46 24 dat
2692 5209 40 25 dit
2748 5207 40 25 tot
2806 5213 73 24 eenig
2897 5207 110 21 verschil

2070 5248 51 26 had
2137 5248 149 33 aanleiding
2302 5256 120 25 gegeven.
2440 5246 38 26 De
2494 5251 87 19 vrouw
2598 5251 51 17 van
2666 5238 84 28 Kinck
2769 5238 52 25 had
2836 5245 50 17 aan
2903 5238 104 30 getuige

2069 5282 79 25 haren
2166 5282 119 31 tegenzin
2301 5281 27 25 te
2344 5283 100 22 kennen
2461 5284 115 28 gegeven
2593 5283 41 18 om
2650 5280 64 19 naar
2732 5271 11 25 I
2754 5278 59 17 ariis
2832 5271 25 22 te
2875 5275 83 31 gaan,
2975 5276 31 17 en

2070 5321 51 18 was
2140 5314 139 30 ongerust;
2304 5320 46 19 een
2374 5313 76 24 harer
2473 5308 125 26 kinderen
2615 5313 52 19 was
2683 5302 135 33 ongesteld
2835 5308 31 18 en
2882 5308 28 17 in
2927 5302 79 22 haren

2070 5353 149 25 zwangeren
2236 5344 119 26 toestand
2372 5342 103 27 vreesde
2494 5340 30 32 zij
2535 5347 63 18 voor
2608 5339 31 26 de
2650 5340 213 22 vermoeienissen
2880 5333 45 25 der
2941 5339 61 19 reis.

2102 5378 39 25 De
2158 5378 200 32 beschuldigde:
2383 5376 52 25 Het
2452 5375 102 28 bewijs,
2581 5372 47 25 dat
2646 5367 85 27 Kinck
2747 5373 64 18 naar
2828 5366 50 25 den
2895 5365 73 25 Llzas
2986 5373 20 15 is

2070 5417 98 30 gegaan
2194 5418 41 19 om
2255 5409 103 26 valsche
2378 5411 73 22 munt
2469 5406 26 24 te
2513 5404 107 30 maken,
2646 5409 38 21 is,
2708 5400 46 25 dat
2771 5400 35 30 hij
2824 5404 48 19 aan
2888 5400 118 22 iedereen

2070 5439 45 28 het
2133 5441 59 26 doel
2207 5450 51 18 van
2275 5443 64 31 zijne
2357 5440 52 26 reis
2428 5437 71 28 heeft
2515 5435 150 33 verborgen.

2102 5474 38 22 De
2174 5474 105 31 getuige
2311 5473 157 32 Despringer
2502 5476 51 18 van
2569 5466 117 26 Boubais
2696 5483 6 11 ,
2727 5464 41 25 die
2785 5463 78 25 thans
2880 5463 89 30 volgt,
2983 5469 24 17 is

2070 5504 125 35 zoodanig
2211 5506 63 27 door
2282 5504 162 35 aandoening
2456 5506 185 27 aangegrepen,
2655 5497 46 26 dat
2709 5494 32 27 de
2750 5494 96 33 zitting
2856 5500 46 18 een
2913 5499 79 26 oogen-

2070 5538 54 24 blik
2145 5539 70 24 moet
2239 5539 103 25 worden
2367 5536 141 33 geschorst.
2541 5532 37 32 Zij
2595 5530 130 31 bevestigt
2739 5528 52 26 wat
2809 5526 74 26 reeds
2900 5533 107 25 vroeger

2070 5570 113 25 omtrent
2200 5570 46 26 het
2262 5570 73 32 gezin
2352 5577 51 17 van
2418 5567 84 27 Kinck
2519 5572 21 17 is
2557 5562 189 32 medegedeeld.

2102 5602 40 25 De
2159 5603 104 28 getuige
2280 5603 116 28 Lcroux,
2413 5608 60 18 eene
2492 5596 97 26 tweede
2606 5595 86 25 zuster
2724 5600 51 18 van
2800 5593 32 22 de
2849 5597 89 18 vrouw
2957 5597 48 18 van

2070 5633 85 26 Kinck
2179 5635 146 30 verklaart,
2353 5635 46 26 dat
2424 5633 31 25 de
2480 5629 94 27 laatste
2601 5627 34 32 bij
2661 5626 46 26 het
2731 5622 104 28 vertrek
2856 5630 50 17 van
2922 5623 84 25 Kinck

2070 5673 58 18 zeer
2144 5666 106 33 droevig
2265 5675 66 22 was,
2350 5674 33 19 en
2399 5665 38 26 als
2453 5665 61 26 door
2531 5659 115 27 sombere
2663 5657 198 33 voorgevoelens
2881 5657 125 31 gekweld;

2143 5699 70 25 zeide
2242 5700 47 31 zij,
2313 5700 54 25 wat
2391 5706 48 18 zou
2463 5696 27 26 ik
2507 5692 130 34 beginnen
2654 5691 38 26 als
2709 5691 63 31 mijn
2787 5696 59 18 man
2865 5696 46 18 een
2929 5696 61 24 onge-

2070 5730 45 25 luk
2141 5731 164 26 overkwam?
2331 5732 31 24 Ik
2389 5730 50 26 heb
2464 5732 100 30 genoeg
2590 5732 40 18 om
2655 5724 26 25 te
2707 5724 103 24 kunnen
2836 5722 80 27 leven,
2934 5728 73 17 maar

2070 5761 26 26 ik
2122 5770 46 19 zou
2187 5763 59 26 hem
2263 5763 56 26 niet
2334 5763 86 26 willen
2626 5756 94 26 Voorts
2738 5761 51 18 was
2805 5760 31 25 zij
2855 5759 57 18 zeer
2928 5760 61 22 onge-

2070 5794 57 25 rust
2143 5802 60 19 over
2219 5796 31 25 de
2268 5793 221 34 omstandigheid,
2507 5790 45 25 dat
2569 5789 24 25 al
2606 5789 31 25 de
2646 5789 104 25 brieven
2758 5794 50 17 van
2817 5794 60 15 eene
2888 5786 117 24 vreemde

2070 5826 71 26 hand
2165 5835 92 19 waren.
2282 5829 86 32 Tegen
2393 5828 80 26 haren
2491 5823 41 25 zin
2549 5828 31 19 en
2597 5828 41 19 om
2654 5820 81 26 haren
2752 5826 60 18 man
2829 5819 54 24 niet
2902 5819 60 24 boos
2979 5819 26 22 te

2070 5859 107 31 maken,
2196 5869 52 18 was
2264 5861 30 32 zij
2313 5868 64 19 naar
2392 5858 83 34 Parijs
2492 5861 107 28 gegaan.
2966 5881 5 6 .

2104 5891 38 25 De
2158 5888 131 38 volgende'
2306 5893 104 33 getuige
2426 5891 22 26 is
2464 5890 32 25 de
2513 5885 201 33 ijzerhandelaar
2730 5885 146 31 Bellanger,
2895 5885 32 22 bil
2939 5889 66 18 wien

2070 5922 163 35 Traupmann
2258 5933 31 26 op
2317 5928 28 24 19
2370 5923 70 34 Sept.
2461 5921 31 26 de
2512 5919 77 33 spade
2606 5926 32 19 en
2655 5919 31 26 de
2702 5917 79 34 schop
2797 5915 72 27 heeft
2884 5914 120 35 gekocht.

2073 5957 41 31 Hij
2132 5957 107 26 herkent
2257 5959 48 25 den
2321 5954 184 33 beschuldigde
2522 5952 142 26 volkomen.

2104 5986 39 37 Op
2159 5989 31 26 de
2207 5998 78 26 vraag
2295 5998 50 18 van
2363 5988 48 26 den
2422 5983 130 38 president
2564 5983 28 25 of
2600 5983 162 32 Traupmann
2773 5982 90 25 erkent,
2872 5982 40 22 die
2922 5982 66 22 werk-

2072 6020 90 33 tuigen
2180 6022 33 32 bij
2233 6022 104 33 getuige
2355 6020 112 33 gekocht
2481 6017 28 25 te
2526 6015 116 30 hebben,
2667 6014 148 26 antwoordt
2839 6014 164 31 Traupmann

2072 6052 174 35 bevestigend,
2262 6063 31 17 en
2311 6063 32 22 op
2362 6063 60 14 eene
2443 6048 97 28 tweed.'
2559 6056 77 25 vraag
2653 6050 59 31 zegt
2730 6048 44 32 hij,
2791 6046 45 26 dat
2854 6046 35 33 luj
2909 6054 27 15 ze
2954 6053 48 17 aan

2070 6084 64 34 zijne
2151 6086 214 33 medeplichtigen
2386 6085 63 25 beeft
2471 6089 122 28 gegeven.

2104 6117 52 27 Het
2172 6118 22 26 is
2213 6119 59 31 121/2
2290 6126 48 18 uur
2357 6126 28 15 en
2406 6117 30 25 de
2453 6115 94 32 zitting
2565 6112 83 26 wordt
2665 6120 45 18 een
2728 6111 58 27 half
2800 6117 50 20 uur
2859 6110 143 35 geschorst.

2070 6150 111 26 Mannen
2200 6159 30 18 en
2249 6158 128 20 vrouwen,
2389 6149 105 25 beladen
2515 6146 53 22 met
2584 6145 98 25 allerlei
2698 6146 71 24 soort
2786 6152 47 15 van
2852 6142 136 26 levensmid-

2070 6182 73 26 delen
2160 6190 31 18 en
2207 6183 123 30 dranken,
2348 6181 106 32 dringen
2472 6180 31 25 de
2520 6176 56 26 zaal
2594 6177 92 25 binnen
2704 6187 30 14 en
2759 6176 100 25 worden
2880 6174 122 32 letterlijk

2070 6215 138 30 bestormd,
2225 6216 96 25 binnen
2337 6214 106 30 weinige
2463 6209 188 32 oogenblikken
2669 6210 20 25 is
2705 6210 64 25 alles
2781 6208 124 26 verkocht
2923 6216 31 18 en
2970 6206 32 26 de

2070 6239 143 34 rechtszaal
2231 6248 26 25 in
2274 6255 47 17 een
2337 6246 132 32 koffijhuis
2487 6241 165 33 herschapen.

2102 6279 39 26 De
2157 6278 194 35 eerstvolgende
2368 6278 104 33 getuige
2481 6276 24 26 is
2523 6274 120 30 Goerens,
2660 6273 165 27 kondukteur
2833 6280 48 18 van
2891 6272 47 26 den
2949 6280 35 18 om-

2069 6312 76 25 nibus
2161 6321 50 15 van
2236 6312 83 33 Parijs
2335 6318 64 18 naar
2415 6307 191 30 Aubervillers,
2624 6307 40 25 die
2689 6306 131 26 verklaart
2845 6305 45 26 dat
2910 6305 25 25 in
2954 6304 47 27 den

2069 6344 84 26 avond
2170 6352 51 18 van
2243 6347 30 22 19
2289 6343 71 33 Sept.
2385 6350 32 25 op
2441 6345 33 22 20
2494 6340 35 25 M.
2546 6339 103 25 afstand
2674 6346 124 25 ongeveer
2817 6346 46 17 van
2883 6338 45 25 bet
2944 6338 58 25 luns

2070 6386 48 15 van
2135 6367 145 43 Bellanger,
2300 6384 45 17 een
2363 6383 58 17 man
2439 6384 31 24 op
2486 6374 50 25 den
2554 6371 117 28 omnibus
2689 6372 19 24 is
2725 6371 168 33 geklommen.
2914 6371 35 24 De
2959 6379 28 22 ge-

2069 6410 71 32 tuige
2156 6410 110 24 herkent
2283 6407 48 26 den
2350 6406 181 31 beschuldigde
2550 6405 65 24 niet,
2646 6403 161 33 Traupmann
2830 6404 110 24 beweert
2956 6399 46 30 dat

2069 6442 40 25 die
2127 6450 67 20 man,
2212 6441 40 26 die
2270 6449 32 24 op
2320 6441 50 25 den
2382 6439 116 25 omnibus
2507 6438 20 25 is
2537 6437 130 32 gestegen,
2678 6437 47 31 zijn
2737 6436 195 32 medeplichtige
2944 6444 57 17 was.

2102 6474 143 32 Weijtling,
2261 6481 47 18 een
2324 6471 131 27 werkman
2476 6471 27 25 in
2519 6469 138 31 machines,
2673 6469 72 25 heeft
2761 6469 48 25 den
2819 6468 183 38 beschuldigde

2069 6507 25 25 te
2120 6506 97 26 Pantin
2242 6504 116 33 gekend,
2385 6511 70 18 waar
2479 6503 30 30 zij
2526 6509 87 18 samen
2631 6500 124 33 gewoond
2774 6500 109 27 hebben.
2917 6496 44 35 Hij
2981 6500 21 26 is

2069 6539 53 26 met
2138 6539 163 32 Traupmann
2322 6539 28 24 12
2368 6536 70 26 Sent.
2456 6530 94 38 op'het
2565 6534 45 26 bal
2626 6534 120 33 geweest.
2766 6533 48 32 (Do
2835 6531 51 34 dag
2893 6540 52 18 van
2953 6531 50 26 den

2069 6570 89 26 moord
2174 6578 50 18 van
2243 6569 135 30 Gustaaf).
2396 6568 163 32 Traupmann
2581 6575 52 17 was
2649 6566 74 32 altijd
2739 6562 91 30 alleen.

2101 6604 38 24 De
2158 6602 130 31 president,
2306 6602 106 31 vraagt:
2438 6601 79 24 Waar
2535 6607 84 17 waren
2637 6607 54 17 uwe
2705 6598 129 26 beweerde
2844 6595 141 34 medeplich-

2069 6633 92 35 tigen?
2179 6650 31 4 —
2235 6635 84 26 Antw.
2344 6633 35 27 Te
2406 6632 89 34 Parijs.
2513 6647 31 2 —
2572 6631 71 27 Pres.
2660 6630 53 27 Het
2730 6630 21 26 is
2769 6628 48 27 wel
2835 6627 104 28 vreemd
2955 6627 46 26 dat

2069 6669 30 24 de
2119 6666 215 34 medeplichtigen
2352 6674 76 17 eener
2444 6674 44 19 zoo
2505 6666 91 31 groote
2614 6663 129 30 misdaad,
2761 6671 119 18 waarvan
2901 6661 31 26 de
2949 6661 39 25 uit-

2069 6698 105 35 voering
2202 6698 61 27 toch
2281 6698 90 27 zekere
2387 6697 174 33 maatregelen
2578 6703 50 19 van
2646 6694 196 33 voorbereiding
2859 6692 126 27 noodzake-

2069 6732 44 34 lijk
2130 6732 103 27 maakte
2245 6752 6 9 ,
2268 6741 18 18 u
2301 6731 73 27 nooit
2389 6739 96 25 opeen
2500 6738 71 19 uwer
2588 6728 107 28 tochten
2712 6722 167 38 vergezelde;
2887 6725 46 27 dat
2941 6731 58 21 men

2069 6765 48 25 hen
2134 6765 73 27 hooit
2222 6772 92 21 ergens
2330 6764 59 26 ziet.
2415 6767 38 22 De
2470 6761 184 33 beschuldigde
2670 6761 94 32 zwijgt.

3047 120 1 4 .
3074 89 105 39 Martin;
3198 97 47 27 eed
3263 87 133 38 laridsniari
3413 94 51 27 fait
3482 89 171 39 ÏVaiipïrMim;
3673 93 72 31 beeft
3763 91 58 32 hem
3839 94 27 32 te
3883 94 94 30 Pantin

3044 128 86 26 leereii
3155 130 115 30 keiinen;
3298 128 35 33 hij
3361 128 118 26 vet/haalt
3498 125 46 28 dat
3563 128 163 34 Tratipniariii
3745 129 60 26 lieni
3823 131 32 31 óp
3872 124 106 32 zekefeil

3043 161 52 32 dag
3112 158 72 28 heeft
3201 161 131 28 verhaald,
3351 161 47 25 hde
3419 158 33 33 hij
3472 161 59 25 eeris
3548 161 25 25 in
3592 161 45 26 liet
3656 157 119 30 Noordeü
3794 159 65 28 tWee
3869 162 109 25 mailrlerl

3043 193 72 26 hoeft
3132 195 131 30 ontmoet,
3287 194 40 25 die
3345 193 53 26 met
3415 193 123 25 elkander
3554 194 131 31 twistten;
3704 193 44 26 dat
3768 202 45 17 een
3831 194 98 25 hunner
3948 187 30 34 dé

3043 224 91 26 vlucht
3155 226 51 26 haal
3222 231 132 27 genomen,
3372 230 31 19 en
3420 224 63 25 door
3501 224 47 25 den
3570 226 78 25 ander
3667 233 51 18 was
3738 226 136 31 vel-vOlgd;
3893 226 45 25 dat
3948 226 30 26 de

3043 257 94 26 laatste
3154 259 163 32 ïraupmann
3335 256 180 27 ontmoetende
3533 266 31 18 en
3582 257 58 26 hem
3657 265 63 19 voor
3736 257 48 26 den
3803 257 92 26 andere
3917 259 46 26 hou-

3044 289 89 28 dende,
3150 291 58 25 hein
3224 298 46 19 een
3289 291 124 25 messteek
3431 291 27 22 irt
3476 291 48 22 «len
3541 298 54 18 arm
3613 291 48 25 bad
3681 289 177 34 toegebracht,
3879 300 99 24 waarop

3044 321 162 34 Traupmann
3223 322 59 27 hem
3299 322 26 26 in
3343 322 45 25 het
3405 322 80 25 water
3502 321 51 26 had
3570 330 143 26 geworpen.
3733 320 46 27 'De
3796 322 182 35 beschuldigde

3044 356 130 22 verklaart
3191 356 45 22 dat
3253 356 38 22 dit
3309 354 104 24 verbaal
3431 361 69 17 waar
3516 363 21 15 is

3074 385 39 26 De
3139 386 60 26 heer
3224 386 100 38 Iligny,
3351 386 120 28 eigenaar
3489 393 48 18 van
3562 385 46 26 hut
3624 385 72 26 hotel
3712 387 37 24 du
3768 385 104 27 Chemin
3889 389 32 25 de
3933 389 44 32 fer

3044 418 37 25 du
3096 418 76 26 Nord
3187 420 26 24 te
3233 418 87 34 Parijs,
3339 417 118 27 Vernaalt
3465 417 79 27 onder
3553 416 81 28 Welke
3643 413 230 38 omstandigheden
3881 419 83 35 Tratip-

3044 457 77 17 mann
3146 449 33 33 bij
3206 450 58 26 hen)
3280 446 20 30 i's'
3320 451 175 31 aangekönieii
3511 459 33 15 en
3561 450 30 25 «Ie
3609 451 135 24 aankomst
3761 458 32 17 en
3813 448 45 30 het
3875 454 102 26 Vei'tr'ek

3048 481 44 25 der
3109 482 96 25 familie
3222 483 91 24 Kinck.

3076 514 73 25 Pres.
3184 514 118 27 Waarom
3330 515 64 25 hebt
3419 514 33 33 gij
3474 513 48 26 deri
3541 522 74 17 naam
3634 520 47 19 van
3700 514 64 25 Jean
3784 515 81 26 Kiitck
3883 517 83 34 aarig'e-

3044 552 91 20 nomen
3145 546 12 26 ?
3191 547 85 26 Antw;
3304 548 48 26 Om
3381 540 78 33 onder
3485 546 59 25 dien
3569 552 74 20 naam
3661 546 30 25 de
3710 544 103 28 brieven
3831 549 25 25 te
3873 550 103 26 kunnen

3045 579 145 32 ontvangen

3076 607 74 30 iVe.s.
3177 611 38 26 Eri
3231 606 50 31 Ook
3299 613 39 24 onl
3360 611 105 25 Giist'ia'f
3490 611 93 25 Kimk.
3606 609 63 34 SSijrie
3687 611 170 33 r'ngeliikkige
3876 611 100 31 moeder

3044 650 31 17 en
3094 641 30 25 de
3142 643 48 33 vijf
3202 643 123 26 kinderen
3344 644 25 24 te
3389 643 155 33 ontvangen,
3562 643 60 25 Wi.-f
3644 640 64 28 dddd
3726 645 33 31 ,i-ij
3780 643 116 31 Bemeten
3906 643 69 30 hadf.

3044 672 39 26 De
3111 676 170 38 ongelukkige
3307 676 67 25 slaat
3390 676 31 25 de
3438 676 80 32 dogen
3536 674 78 25 neder
3626 694 5 8 ,
3648 676 107 32 geraakt
3774 677 26 25 in
3819 680 158 33 veruairii'^

3045 715 31 17 en
3093 706 69 32 blijft
3178 709 112 33 zwijgen:

3076 737 116 31 Angijste
3208 736 117 31 ,ier,,iite,
3351 738 44 28 eeri
3416 735 122 32 bediende
3552 744 51 22 van
3612 738 45 28 het
3665 733 80 33 hotel,
3780 733 30 34 ik
3821 743 96 28 herken
3927 744 47 26 den

3045 768 180 38 Inhuldigde
3315 772 72 33 goed-
3413 772 56 26 Den
3488 771 89 28 iUsten
3595 772 79 32 Nov.,
3697 775 44 25 ten
3758 778 15 21 8
3791 783 44 18 ure
3854 776 44 27 des
3915 777 46 26 och-

3045 802 81 30 tends,
3145 803 48 27 heb
3214 806 26 25 ik
3257 800 58 32 iierti
3334 806 56 25 ziert
3407 800 70 31 tnüifl
3498 803 86 27 RttTletl

3077 836 38 26 De
3126 844 71 24 pres.
3215 839 52 31 (tot
3283 839 48 25 dert
3348 837 96 31 besch.)
3463 837 119 26 Kwaaiüt
3599 839 34 32 gij
3652 844 50 20 van
3720 830 96 35 i'.'tiitlii
3824 839 13 28 'r

3078 869 176 32 Traupmann.
3280 870 31 25 Ik
3328 870 83 24 kwam
3428 869 54 25 niet
3498 870 81 25 alleen
3592 870 77 27 thuis.

3076 904 40 26 D*
3131 904 103 32 getuige;
3260 902 54 35 Hij_
3321 901 86 26 kwam,
3423 902 83 26 alleen
3524 904 78 25 thuis.
3620 925 2 4 .

3081 928 47 31 Mr.
3146 930 131 32 Lachaud.
3293 930 41 31 'in
3352 931 31 30 de
3400 928 133 33 insiruOTti
3552 930 130 32 verklaart
3699 938 103 31 getuige
3821 937 90 32 geheel
3930 937 47 25 het

3046 966 142 31 tegendeel.

3074 997 40 27 De
3138 998 130 33 president
3283 999 65 26 leest
3365 1000 31 25 de
3413 1002 148 32 verklaring
3576 1010 50 18 van
3643 1002 104 34 getuige
3763 1011 69 18 voor.
3870 994 102 33 liaai',,.'!

3044 1029 133 35 blijkt.dat
3182 1031 105 43 getuide
3296 1032 162 32 Traiipmann
3468 1033 25 25 in
3501 1030 149 39 gezelschap
3659 1045 47 15 van
3717 1045 45 15 een
3774 1036 78 25 ander
3859 1042 46 18 zou
3915 1033 46 26 heb-

3044 1061 51 28 ben
3111 1062 54 28 zien
3181 1062 177 37 terugkeeren.
3378 1067 67 25 Toen
3457 1067 86 26 echter
3554 1068 128 26 beweerde
3692 1069 30 25 de
3733 1065 189 34 beschuldigde,
3932 1065 45 25 dat

3045 1097 102 31 getuige
3165 1095 54 26 zich
3240 1094 111 35 bedroog
3367 1106 31 17 en
3415 1097 35 32 bij
3471 1098 79 26 alleen
3570 1108 52 18 was
3639 1102 26 24 te
3686 1100 58 26 huis
3763 1101 132 32 gekomen.

3067 1127 63 32 JSe'n
3148 1130 96 27 tweede
3261 1129 94 27 knecht
3374 1126 137 38 verklaart,
3530 1133 44 25 dat
3585 1133 159 33 Traiipntanii
3756 1131 81 26 alleen
3850 1139 57 21 was,
3915 1129 61 25 toen

3143 1157 122 37 ttglWaitf!
3300 1160 43 35 Hij
3366 1163 69 25 beeft
3452 1166 53 25 niet
3522 1166 70 31 gelet
3611 1174 32 24 op
3660 1167 47 24 den
3725 1166 70 25 staat
3811 1165 79 31 zijner
3907 1160 56 26 klee-

3044 1192 85 33 deren,
3145 1194 98 26 hoewel
3260 1194 35 33 hij
3313 1194 59 26 hem
3387 1195 50 27 den
3452 1198 92 27 sTerreel
3559 1198 47 26 vaii
3669 1201 33 22 24
3711 1198 70 26 heeft
3791 1191 184 33 overhandigd.

3077 1225 38 26 De
3138 1230 182 30 beschuldigde.
3345 1227 54 26 Een
3424 1231 59 25 mah
3508 1231 21 25 is
3544 1232 54 24 mot
3615 1230 43 33 mij
3678 1226 138 34 uiiiiïeiigef
3820 1227 77 24 ted.-rt
3908 1237 13 28 j.
3931 1231 45 18 een

3044 1257 90 32 mijner
3155 1259 222 32 medeplichtigen.
3396 1276 31 4 —
3443 1263 74 26 Pres.
3535 1263 56 26 Hoe
3601 1263 60 26 heet
3671 1263 34 32 hij
3716 1263 12 24 ?
3746 1274 30 4 —
3793 1260 84 24 Antw.
3896 1256 80 26 Mort

3045 1286 40 28 zal
3102 1289 25 26 ik
3144 1290 48 32 zijn
3211 1294 74 24 nanitl
3304 1297 113 24 noemen.

3076 1318 66 32 Pres
3168 1320 39 40 (lij
3224 1323 45 33 zijt
3287 1323 26 27 in
3330 1325 45 27 het
3392 1326 71 27 hotel
3481 1326 203 32 teruggekeerd,
3702 1332 43 18 om
3761 1323 94 25 schoon
3872 1319 90 25 linnen-

3044 1355 65 31 goed
3129 1361 47 19 aan
3198 1364 24 18 ie
3358 1367 4 17 ;
3381 1359 69 27 Want
3467 1368 40 17 uw
3524 1359 93 25 linnen-
3630 1364 52 19 was
3698 1356 41 25 vol
3759 1355 53 25 met
3829 1351 77 27 bloed
3918 1351 9 25 ?
3946 1363 30 4 —

3043 1387 84 26 Antw.
3145 1387 54 27 Met
3216 1389 61 32 mijn
3296 1388 81 31 bloed.
3813 1413 110 13 ««_..«

3076 1417 105 34 Bardot,
3198 1421 117 31 koetsier,
3334 1428 32 21 50
3381 1426 63 32 jaar,
3461 1426 73 26 heeft
3547 1426 31 26 de
3591 1421 151 35 cchtgciio.a
3757 1421 48 24 Vaf!
3819 1417 86 25 Km«'k.
3915 1417 59 21 bare

3043 1449 45 33 vijf
3106 1452 122 27 kinderen
3244 1463 32 17 en
3293 1452 182 39 beschuldigde
3490 1457 69 26 allen
3576 1465 78 19 zeven
3670 1460 64 20 naar
3744 1452 94 26 Pantin
3852 1450 124 28 geieoem

3043 1483 162 33 Ti''ui|.niaiin
3223 1483 69 31 hield
3309 1498 45 18 een
3373 1491 45 26 der
3435 1489 123 30 kinderen
3575 1498 32 25 op
3624 1489 32 25 de
3672 1486 100 26 knieën.
3798 1483 43 31 Hij
3859 1481 118 24 verhaalt

3043 1515 46 25 dat
3106 1525 45 18 een
3170 1515 60 28 lieer
3249 1518 56 28 iienl
3322 1519 54 30 drie
3394 1522 89 24 franks
3498 1521 71 26 hfe'eft
3582 1527 132 27 gegeven,
3733 1524 40 17 om
3791 1515 59 22 hem
3867 1519 30 18 en
3915 1517 60 20 eene

3043 1547 90 31 dame,
3158 1550 125 30 benevens
3302 1554 47 32 vijf
3365 1556 138 28 kinderen,
3522 1556 58 25 naai
3580 1550 4 17 1
3600 1547 94 31 FfMfa
3713 1548 26 26 te
3757 1545 87 34 rijden.
3872 1545 57 22 Aan
3945 1545 31 22 «Ie

3043 1579 151 30 Vlaamsche
3219 1587 76 30 poort
3320 1587 141 32 gekomen,
3487 1585 100 30 had,de
3613 1584 63 24 heer
3702 1581 59 24 henl
3787 1578 115 32 gezegd,
3930 1578 45 21 dat

3043 1612 34 31 hij
3105 1615 89 27 verder
3219 1619 81 26 moest
3325 1619 83 33 rijden
3432 1626 32 19 en
3489 1617 35 32 hij
3552 1616 59 25 hem
3635 1613 51 26 iets
3715 1617 70 19 meer
3811 1616 47 18 zou
3887 1610 89 31 gevcfl.

3043 1645 41 38 Hy'
3103 1654 65 20 wees
3185 1648 26 26 in
3228 1648 31 28 de
3276 1651 116 32 richting
3407 1654 51 22 van
3475 1650 47 25 het
3537 1648 60 26 veld
3615 1654 50 17 van
3683 1643 129 32 Langlois.
3830 1642 70 25 Daar
3917 1646 46 20 aan-

3043 1675 130 37 gekomen*,
3190 1677 46 30 Het
3254 1681 34 34 liij
3306 1683 43 32 mij
3367 1682 165 30 rtilhoudon;
3549 1685 30 20 en
3598 1677 104 26 vertrok
3720 1676 52 25 met
3790 1675 31 25 de
3840 1680 87 19 vrouw
3945 1680 32 18 en

3043 1710 64 25 twee
3123 1711 128 28 kinderen.
3278 1706 152 37 Gedurende
3446 1713 65 32 Zijde
3529 1707 165 35 afwefigh'Hd
3713 1707 103 32 praatte
3826 1706 31 26 de
3865 1706 112 26 koetsier

3041 1743 53 25 met
3113 1743 30 26 de
3159 1744 130 33 kinderen,
3308 1748 40 25 die
3365 1748 60 26 hem
3442 1742 163 33 verhaalden,
3622 1742 46 26 dat
3685 1739 30 35 zij
3738 1743 21 25 te
3778 1737 81 37 "«rijs'
3873 1739 103 26 hunnen

3043 1774 77 27 vader
3135 1776 96 34 gingen
3246 1780 129 37 opzoeken
3391 1787 32 17 en
3441 1778 92 33 datjde
3552 1778 67 28 heer,
3637 1775 40 26 die
3700 1775 48 26 hen
3765 1770 157 37 vergezelde,
3931 1778 47 20 zoo

3041 1804 65 34 goed
3130 1809 38 27 als'
3193 1814 51 22 Var:
3269 1813 85 24 hunne
3374 1811 96 26 familie
3496 1818 59 19 was.
3591 1811 40 26 Na
3648 1808 105 33 verloop
3772 1814 50 19 van
3837 1809 33 24 20
3886 1805 43 27 tot
3944 1806 33 25 25

3041 1839 115 28 minuten
3172 1843 85 26 kwam
3276 1844 31 25 de
3328 1844 59 25 heer
3404 1841 77 31 terug
3497 1850 32 17 en
3546 1843 70 24 zei.le
3627 1850 4 17 :
3651 1841 123 21 kinderen
3793 1841 57 28 stap
3866 1840 47 28 uit,
3930 1839 46 25 het

3044 1870 19 27 is
3090 1872 116 28 besloten
3231 1876 45 25 dat
3300 1874 41 30 wij
3367 1874 56 24 hier
3449 1873 103 30 blijven.
3588 1867 175 33 i'l.ai^.Hi-lgo
3788 1869 136 32 beweging
3948 1870 27 25 in

3045 1903 26 27 ie
3089 1906 77 30 zaal).

3074 1937 37 26 De
3128 1936 73 27 Prés.
3230 1935 54 26 Düs
3301 1933 65 26 hadt
3383 1939 35 26 gij
3436 1932 50 24 den
3501 1931 168 30 vreeselijken
3685 1931 89 22 moord
3790 1937 76 18 eener
3876 1931 102 22 moeder

3045 1978 31 17 en
3089 1963 151 31 tweehai'ei'
3257 1963 124 28 kindere*!
3397 1962 143 27 volbracht.
3560 1962 40 30 Gij
3618 1962 72 24 komt
3707 1963 91 28 terug;
3819 1961 111 24 bedaard
3946 1968 30 18 en

3045 2000 158 35 koelbloedig
3219 1998 74 27 haalt
3309 1998 33 33 gij
3361 1996 31 26 de
3409 1996 54 24 drie
3481 1993 94 26 adder--
3592 1991 170 27 klndererïaf.
3772 2000 41 18 om
3823 2000 40 17 uw
3874 1993 104 32 bloedig

3045 2033 67 28 werk
3128 2031 74 27 voort
3219 2033 26 25 te
3263 2031 93 26 zetten.
3384 2029 26 25 Is
3426 2027 46 26 dat
3489 2033 69 19 waar
3567 2026 13 26 ?
3605 2021 157 31 Antwoord!

3081 2069 171 26 Tmmmann,
3281 2063 54 28 Het
3351 2061 22 27 is
3384 2061 84 24 waar!
3489 2059 63 32 (Een
3562 2057 139 33 gemurmel
3712 2057 71 35 loopt
3793 2056 61 25 door
3863 2057 30 24 «Ie
3902 2055 74 31 zaal).

3081 2102 33 26 De
3138 2101 72 27 Pres'
3243 2096 40 32 GÜ
3309 2093 150 31 ftlitwoördt
3478 2091 53 26 met
3549 2098 60 18 eene
3625 2089 97 25 kalmte
3739 2089 40 24 die
3798 2089 93 24 ontzet.
3917 2088 61 25 Men

3044 2135 71 24 heeft
3132 2128 113 31 niemand
3263 2124 89 35 selieii
3369 2126 51 28 dan'
3438 2131 32 25 n,
3487 2131 19 17 u
3521 2122 98 26 alleen!
3637 2121 71 26 Toon
3726 2130 45 17 ons
3783 2128 47 17 een
3847 2128 70 18 uwer
3926 2128 52 18 me-

3044 2138 399 64 ShchSm^nrenkeie
3459 2153 74 32 daad.
3560 2156 132 30 Komaat,,
3709 2156 47 22 eeri
3772 2153 138 32 oogenblik
3928 2163 48 20 van

3045 2202 135 27 waarheid.
3439 2205 27 27 '
3549 2204 4 5 '

3076 2235 84 26 Antw.
3177 2231 28 28 ik
3221 2231 52 26 heb
3289 2230 32 25 de
3339 2225 130 28 waarheid
3485 2225 98 35 gezegd

3077 2267 120 28 Gardtier
3219 2261 167 28 nachtwaker
3402 2267 26 18 in
3446 2258 31 25 de
3494 2256 102 26 fabriek
3611 2263 51 17 van
3677 2255 116 30 Dreher,
3810 2254 72 26 heeft
3899 2254 78 33 tegen

3044 2287 175 39 middernaciïl
3234 2291 102 30 liciicleri
3356 2288 211 33 ftdorer..blaffen
3595 2296 32 18 en
3650 2288 91 26 kreten
3767 2287 122 33 gehoord.
3920 2287 56 26 Een

3044 2329 63 26 kind
3123 2328 174 30 schreeuwde:
3313 2324 113 30 Moeder,
3443 2320 120 28 moedeif
3634 2339 2 5 .

3044 2362 207 30 ksmTraiipmann-
3269 2359 91 26 Indien
3377 2357 31 25 de
3428 2352 183 32 beschuldigde
3628 2352 52 26 iet*
3693 2350 113 33 genöord
3826 2350 84 32 heeft,'
3926 2350 51 26 kan

3044 2393 45 26 het
3106 2395 66 26 niets
3188 2395 87 28 anders
3295 2392 48 31 zijn
3361 2391 50 25 dan
3428 2387 50 26 den
3496 2383 78 34 strijd
3586 2383 120 27 tusschen
3718 2392 41 25 mij
3780 2393 31 18 en
3827 2383 76 33 mijrfe
3920 2388 37 22 me-

3045 2424 185 37 deplichtigen,
3246 2418 104 43 töen>
3366 2421 32 26 de
3413 2418 129 28 kinderen,
3555 2417 76 27 wilde
3647 2417 103 30 teddetf.

3076 2460 38 26 De
3126 2469 67 26 pres.
3211 2463 38 26 De
3269 2456 117 30 kmuei'eii
3404 2447 94 32 redden
3500 2448 13 28 1!
3531 2450 39 26 En
3588 2457 34 25 gij
3643 2448 64 27 hebt
3722 2452 27 22 Ze
3768 2450 39 25 uit
3824 2448 45 27 het
3887 2450 91 33 rijtuig

3044 2499 64 15 naar
3124 2492 30 24 de
3174 2490 164 35 slachtplaats
3357 2481 133 37 gebracht.

3078 2522 38 27 De
3133 2524 119 31 eigenaar
3270 2530 47 21 van
3340 2519 45 28 het
3404 2516 76 31 veld,
3497 2515 30 26 de
3544 2513 69 26 Heer
3630 2513 136 32 Langlois,
3791 2513 119 26 verhaalt
3927 2515 48 26 hoe

3045 2554 46 33 hi,j,
3099 2555 30 28 de
3148 2557 77 28 lijken
3243 2554 105 30 ontdekt
3365 2549 77 28 heeft.
3592 2567 5 7 ,
3598 2567 8 17 ;

3077 2588 38 26 De
3130 2589 65 31 prei
3213 2588 51 28 Zrlt
3280 2589 34 34 gij
3328 2585 52 28 ,\>ct,
3390 2583 172 30 Xraupniann,
3580 2578 40 24 die
3630 2578 31 24 de
3669 2583 79 20 voren
3757 2578 70 25 heeft
3839 2578 115 27 hersteld
3963 2581 13 25 ?

3076 2620 84 27 Antw.
3177 2621 38 26 De
3231 2613 202 43 mecU-phcMigc,

3077 2652 39 26 De
3129 2661 66 22 pres.
3214 2654 38 27 En
3269 2661 70 19 waar
3358 2648 78 30 vaart
3452 2653 33 25 gij
3498 2647 12 24 i

3077 2685 84 26 Antw.
3180 2686 66 25 Vlak
3263 2686 43 31 bij.
3523 2707 7 9 ,
3563 2706 7 11 ,
3685 2685 15 32 ,'.
3717 2704 22 7 _.
3771 2704 7 13 ,
3892 2707 31 9 .

3045 2714 110 34 Muller,
3181 2726 46 19 een
3250 2718 46 26 der
3321 2715 103 27 klerken
3449 2717 50 20 van
3516 2707 31 26 de
3565 2706 135 32 brouwerij
3718 2704 115 34 Dreher,
3852 2715 21 19 is
3889 2706 34 35 bij
3945 2704 30 31 de

3047 2748 111 33 opening
3176 2751 44 25 der
3237 2751 53 25 kuil
3309 2743 189 39 tegenwoordig
3516 2740 119 35 geweest.

3077 2779 72 28 Pre),
3180 2780 58 28 Wat
3255 2780 58 27 liebl
3335 2781 33 33 gij
3387 2783 32 31 óp
3437 2776 45 25 dat
3498 2781 14 17 a
3527 2773 37 25 les
3580 2773 26 22 te
3626 2770 165 26 antwoorden
3803 2770 11 26 ?

3078 2812 177 33 Traupmann.
3289 2809 46 32 Als
3354 2807 58 32 iilen
3430 2807 63 30 ferW
3509 2805 31 26 de
3557 2803 163 31 portefeuille
3737 2803 133 32 gevonden
3887 2804 87 33 heeft,

3048 2843 39 24 zal
3106 2844 25 24 ik
3148 2846 43 31 mij
3210 2846 162 33 verdedigen.
3483 2871 4 4 .
3580 2867 122 6 .....
3788 2856 18 19 \i
3870 2864 46 15 -__.
3943 2867 27 8 

3076 2875 53 26 Een
3155 2877 118 33 levendig
3289 2878 91 32 gevoel
3397 2883 50 19 van
3464 2867 240 34 nieuwsgierigheid
3725 2867 81 26 wordt
3824 2867 150 33 opgcirferfet

3045 2906 63 27 door
3124 2909 30 24 de
3172 2913 171 30 verschijnin.*
3361 2919 50 17 van
3428 2908 50 26 den
3485 2901 137 34 gendarme
3633 2900 119 31 I-errand,
3763 2900 47 32 die.
3816 2901 158 34 I'raupmann

3045 2939 26 25 te
3097 2939 86 27 Hafïe
3209 2942 71 25 heeft
3306 2939 184 34 gearresteerd.
3511 2935 39 24 De
3572 2931 130 39 president
3720 2933 92 32 brengt
3831 2931 77 27 hulde
3926 2942 48 15 aan

3046 2970 48 33 zijn
3112 2972 139 37 doorzicht;
3261 2983 31 18 en
3304 2973 92 33 beleid,
3413 2973 30 27 cle
3452 2965 167 38 vergadering
3628 2965 70 32 geeft
3706 2965 124 26 teekenen
3839 2973 50 18 van
3896 2966 63 33 goed-

3046 3004 116 33 keuring.
3520 3020 5 8 .
3569 3021 4 7 ,
3654 3019 14 13 ..-
3700 3021 4 2 -

3077 3035 161 35 Traupmann
3248 3039 66 33 zegt,
3331 3039 45 26 dat
3393 3037 105 35 getuige
3514 3028 61 34 liegt
3592 3030 32 26 én
3632 3028 35 33 luj
3678 3033 53 22 niet
3741 3032 51 24 vaïi
3798 3030 96 25 Pantin
3904 3030 72 26 heeft

3047 3070 149 31 gesproken.
3824 3092 9 9 ,

3078 3102 51 26 Mr.
3146 3102 131 26 Lachaucl.
3304 3103 39 25 De
3360 3102 105 33 getuige
3481 3096 72 30 heeft
3563 3093 156 33 traupmann
3729 3102 25 17 m
3764 3093 151 34 gezelschap
3924 3098 51 22 vafl

3046 3141 46 17 een
3112 3133 78 27 ander
3207 3143 105 26 persoon
3330 3135 89 33 gezien
3426 3136 13 25 't
3531 3156 2 5 .
3559 3161 9 8 ,
3586 3156 12 5 .

3076 3167 128 28 Ferrand.
3228 3169 40 31 Ja,
3289 3178 31 15 en
3338 3169 58 25 dien
3410 3172 107 27 jiersoon
3524 3161 52 27 lieD
3587 3167 21 19 1»
3617 3167 138 24 aangezien
3763 3168 61 19 voor
3834 3161 50 26 den
3894 3161 64 26 bood-

3046 3198 165 34 schaplooper
3229 3209 48 17 van
3296 3201 45 25 het
3359 3201 67 25 Miei
3442 3200 32 22 de
3493 3191 150 28 New-York.

3076 3233 40 25 Tr.
3133 3234 52 25 Dat
3204 3243 52 17 was
3273 3242 46 17 een
3335 3231 91 31 mijner
3446 3224 223 33 medeplichtigen.

3074 3265 74 26 Pres.
3165 3266 54 25 Dat
3236 3266 63 26 hebt
3315 3265 34 32 gij
3377 3259 72 26 nooit
3469 3257 112 31 gezegd;
3596 3253 44 28 hot
3656 3259 21 17 is
3702 3252 31 26 de
3750 3252 81 24 eerste
3848 3252 61 26 keer
3928 3256 46 24 dat

3043 3293 33 35 gij
3094 3296 102 37 spreekt
3221 3307 48 18 van
3289 3296 30 26 de
3337 3283 194 39 aanwezigheid
3554 3294 47 19 een
3626 3289 67 22 uwer
3713 3283 216 33 medeplichtigen
3947 3287 27 25 te

3073 3337 46 50 Dë'
3132 3363 71 26 Pres.
3220 3363 64 25 leest
3300 3358 152 34 vervolgens
3469 3354 63 26 voof
3557 3345 32 31 de
3617 3346 146 34 verklaring
3780 3357 50 17 van
3855 3348 119 26 Dourson

3043 3389 26 25 te
3086 3390 92 30 Havre.
3196 3394 56 26 Den
3270 3394 91 26 21sten
3378 3391 70 32 Sept.
3465 3389 46 26 de*
3537 3380 125 30 Ochtends
3684 3379 43 25 ten
3752 3384 27 24 10
3806 3389 45 19 ure
3876 3389 46 26 zag
3947 3380 27 26 ik

3043 3420 46 26 eeh
3103 3423 65 33 jong
3185 3426 104 26 mensch
3299 3433 31 24 op
3340 3425 31 24 de
3389 3420 60 33 quai
3467 3420 32 25 de
3515 3419 26 24 la
3559 3416 80 25 Barre
3661 3416 60 19 naar
3739 3413 32 24 de
3790 3415 107 32 schepen
3909 3413 64 25 zien,

3043 3452 30 24 Ik
3094 3462 74 24 vroeg
3197 3458 27 24 of
3244 3457 35 31 liij
3307 3441 27 43 L
3352 3456 74 27 wilde
3443 3445 176 38 bezichtigen;
3645 3444 35 32 hl.)
3700 3443 163 28 antwoordde
3881 3451 41 28 ulij
3943 3451 32 25 op

3044 3483 85 26 dollen
3149 3488 77 25 toon:
3244 3489 77 25 „Wee
3340 3490 58 24 hem
3417 3488 40 26 die
3476 3487 43 32 Ulij
3537 3480 91 30 kwaad
3648 3480 77 26 doel;
3742 3480 24 20 ik
3785 3480 46 24 ben
3859 3487 56 18 zeer
3931 3487 30 24 ge-

3043 3516 115 33 vaarlijk.
3182 3519 248 33 Niettegenstaande
3454 3520 41 25 die
3521 3514 120 30 woorden
3669 3510 69 25 zette
3761 3510 25 21 ik
3804 3510 45 25 het
3865 3511 110 33 gesprek

3043 3549 91 27 voort,
3150 3557 31 15 en
3197 3552 34 31 hij
3243 3553 138 25 verhaalde
3400 3552 43 32 mij
3462 3552 46 26 dat
3524 3549 33 34 hij
3576 3548 167 26 voornemens
3764 3547 47 19 was
3824 3549 64 21 naar
3898 3543 77 27 NeW-=

3045 3576 107 27 Orleans
3176 3581 26 25 te
3227 3585 161 25 vertrekken,
3415 3579 43 37 liij
3483 3591 79 26 vroeg
3586 3580 44 33 mij
3656 3585 41 19 om
3723 3581 57 19 non
3804 3583 44 17 een
3875 3578 54 25 niet
3947 3578 27 25 te

3045 3608 66 25 duur
3128 3609 71 27 hotel
3214 3620 50 19 aan
3279 3617 27 24 te
3324 3617 103 33 wijzen;
3445 3611 27 31 ik
3481 3614 94 27 bracht
3594 3614 59 25 hem
3671 3611 32 32 bij
3725 3608 31 26 de
3775 3612 25 19 vi
3811 3614 47 19 mw
3876 3609 97 32 Roncy,

3047 3648 66 15 waar
3133 3640 39 32 wij
3190 3643 25 24 te
3231 3652 86 18 zaïnen
3335 3656 61 18 voor
3413 3652 17 22 3
3446 3650 31 22 fr.
3496 3651 32 21 50
3544 3646 131 25 ontbeten.
3694 3643 41 32 Hij
3758 3646 72 27 Sprai
3849 3650 59 17 over
3926 3643 35 24 let-

3046 3672 125 24 terkunde
3193 3681 30 14 eu
3240 3674 181 32 inzonderheid
3429 3687 51 18 van
3496 3681 22 24 Ie
3535 3679 64 30 Juif
3611 3679 98 27 errant,
3728 3680 129 20 waarvoor
3866 3674 33 31 bij
3911 3681 60 15 een,'

3044 3704 91 32 groote
3162 3702 137 31 voorliefde
3328 3717 47 18 arm
3402 3713 48 22 den
3477 3712 52 31 dag
3553 3710 83 33 legde.
3669 3709 80 25 Later
3772 3705 50 33 zijn
3844 3706 40 31 wij
3906 3713 66 24 gaan

3045 3733 135 28 wandelen
3195 3741 32 20 en
3243 3736 34 33 hij
3296 3738 72 28 heeft
3387 3743 41 32 mij
3452 3742 131 32 verhaald,
3601 3743 46 26 dat
3673 3741 34 33 hij
3733 3737 239 33 werktuigkundige

3045 3777 67 21 was,
3138 3772 32 20 ert
3193 3767 27 25 in
3244 3768 120 28 Amerika
3389 3782 45 17 een
3459 3775 157 34 schatrijken
3650 3781 58 19 oom
3741 3772 64 37 ging
3833 3770 139 33 opzoeken;

3045 3801 34 32 hij
3100 3800 150 30 verlangde,
3263 3800 40 32 mij
3331 3801 48 26 den
3404 3806 143 32 volgenden
3572 3808 51 31 dag
3640 3806 76 33 terug
3735 3806 25 24 te
3782 3811 56 18 zien
3855 3813 28 18 en
3900 3804 59 25 toon-

3046 3835 30 25 de
3094 3831 41 34 mij
3157 3830 204 33 bankbiljetten-,
3377 3834 35 31 hij
3436 3839 70 25 Zeido
3531 3840 45 25 dat
3601 3839 34 35 hij
3661 3837 86 26 Fuchs
3775 3836 99 31 heette,
3902 3842 72 20 maar

3045 3875 79 25 geene
3142 3869 122 30 papieren
3279 3862 67 30 had,
3364 3865 63 26 daar
3443 3867 41 26 die
3503 3870 54 26 Zich
3575 3872 26 25 in
3620 3870 48 26 den
3685 3870 80 25 koffer
3782 3876 50 17 van
3841 3867 44 32 zija
3896 3870 61 26 broe-

3046 3894 45 32 der
3109 3896 141 27 bevonden.
3278 3895 79 24 Later
3372 3896 149 28 verklaarde
3537 3902 35 32 hij
3591 3901 45 27 dat
3654 3904 33 32 hij
3707 3902 163 31 Traupmann
3886 3904 87 26 heette

3045 3943 31 17 en
3093 3932 46 27 dat
3157 3930 34 38 hij
3209 3926 48 30 wel
3275 3926 86 34 vijftig
3376 3927 87 26 franks
3472 3938 59 19 voor
3540 3934 120 30 papieren
3670 3935 74 25 wilde
3752 3940 89 26 geven.
3857 3930 32 26 Ik
3902 3941 71 27 r,-oeg

3045 3966 59 25 hem
3120 3964 30 26 of
3165 3963 34 32 hij
3219 3961 46 26 het
3283 3959 59 32 geld
3363 3959 45 28 M
3424 3959 53 26 had
3494 3959 57 28 veel
3566 3966 77 25 zilver
3660 3969 34 30 bij
3712 3967 66 28 zich)
3791 3964 54 25 niet
3855 3969 47 19 aan
3913 3969 25 18 zï
3943 3976 15 15 n
3960 3976 13 15 o

3046 3999 91 24 ouders
3155 3989 51 33 had
3223 3991 145 30 ontstolen;
3385 3990 35 32 hij
3439 3990 69 26 zeide
3524 3993 111 34 daarop,
3659 3998 46 26 dat
3722 3998 34 33 hij
3775 4005 50 18 van
3844 3994 78 26 Bazel
3940 3994 34 26 a{.

3045 4031 111 32 konistig
3174 4037 51 18 was
3243 4033 31 20 en
3292 4024 45 27 dat
3354 4030 46 18 een
3418 4030 57 18 oom
3493 4023 57 25 hem
3566 4028 119 31 papieren
3700 4039 51 17 van
3761 4029 102 27 waarde
3870 4028 52 27 had
3932 4033 30 27 ge-

3046 4057 100 30 zonden'
3169 4071 41 15 om
3234 4061 41 26 die
3293 4059 26 24 te
3337 4061 174 28 negocieeren.
3543 4055 31 25 Ik
3591 4057 110 34 begreep
3715 4063 78 30 toen,
3810 4063 46 24 dat
3874 4062 33 31 hij
3930 4069 46 17 een

3046 4094 139 33 gevaarlijk
3211 4100 109 28 persoon
3345 4096 69 22 was;
3438 4087 27 26 ik
3490 4087 104 24 vertrok
3619 4095 31 18 en
3674 4093 142 26 ontmoette
3835 4102 46 18 een
3898 4093 80 34 agent

3045 4136 50 15 van
3120 4127 87 32 politie
3233 4135 50 17 aan
3308 4124 65 26 wien
3398 4121 27 26 ik
3451 4119 46 26 het
3522 4119 128 32 gebeurde
3674 4123 152 33 verhaalde;
3850 4127 31 25 de
3898 4127 79 32 agent

3046 4156 69 27 Zeide
3139 4159 59 33 mij,
3216 4160 46 25 dat
3279 4157 26 26 ik
3322 4157 163 30 Traupmann
3503 4152 50 26 den
3570 4152 139 30 volgenden
3728 4155 52 28 dag
3795 4157 85 26 weder
3894 4160 83 24 moest

3046 4186 133 38 opzoeken.
3214 4192 31 25 Ik
3270 4198 47 26 zag
3343 4189 163 31 Traupmann
3531 4183 76 31 terug
3632 4188 27 17 in
3683 4183 150 33 gezelschap
3857 4196 50 18 van
3931 4198 46 19 een

3043 4222 65 34 jong
3132 4225 103 25 mensch
3260 4224 27 26 in
3302 4231 46 19 een
3369 4221 92 26 witten
3477 4217 67 31 kiel;
3561 4215 27 26 ik
3608 4214 76 32 sprak
3702 4214 58 24 hem
3780 4222 65 22 aan,
3861 4219 35 31 hij
3913 4222 47 24 wei-

3045 4256 77 31 gerde
3146 4257 52 25 met
3216 4256 41 33 mij
3278 4257 26 25 te
3325 4256 115 33 spreken.
3475 4251 31 25 Ik
3524 4250 63 32 ging
3604 4248 60 24 toen
3681 4247 47 22 den
3746 4247 130 25 wisselaar
3895 4257 66 20 waar-

3046 4285 126 32 schuwen,
3184 4294 43 20 om
3233 4289 32 26 de
3282 4289 119 32 papieren
3418 4285 40 28 die
3470 4284 164 33 Traupmann
3643 4279 60 26 hem
3722 4279 90 25 mocht
3829 4279 148 32 aanbieden,

3045 4318 66 32 goed
3128 4319 26 24 te
3172 4319 123 27 bewaren.
3321 4319 51 27 Des
3389 4319 97 27 avonds
3503 4315 126 39 noodigde
3646 4313 26 25 ik
3690 4312 59 25 hem
3765 4312 46 26 uit,
3831 4317 40 17 om
3885 4312 26 21 te
3920 4319 44 15 sou-

3048 4358 5 17 i
3096 4349 117 27 renenik
3231 4354 188 25 waarschuwde
3436 4352 67 28 hem,
3521 4349 45 26 dat
3582 4343 31 31 de
3631 4345 90 34 politie
3742 4343 46 26 het
3806 4349 47 25 oog
3870 4348 32 26 op
3920 4343 58 24 hem

3046 4381 70 26 hield
3132 4383 132 33 gevestigd
3281 4393 31 18 en
3328 4385 94 26 raadde
3439 4385 59 25 hem
3515 4391 48 18 van
3582 4380 118 33 kleeding
3719 4378 25 26 te
3762 4375 165 27 veranderen.
3948 4375 30 24 Ik

3046 4414 69 25 zeide
3132 4408 66 35 hem,
3217 4416 44 24 dat
3270 4417 38 22 als
3317 4419 25 21 ik
3352 4419 76 30 mijne
3437 4416 96 24 familie
3543 4415 50 25 bad
3611 4413 113 30 onteerd,
3741 4411 27 25 ik
3785 4409 85 33 opium
3888 4415 27 17 in
3933 4414 45 18 een

3045 4444 56 33 glas
3111 4444 155 34 brandewijn
3276 4455 46 18 zou
3333 4456 100 25 werpen
3443 4456 31 18 en
3661 4444 21 27 O
3693 4460 31 4 —
3733 4440 165 30 antwoordde
3909 4440 46 26 hu-

3045 4473 28 30 ik
3087 4478 52 26 ken
3155 4476 46 26 het
3217 4478 125 33 pruisisch
3359 4488 70 20 zuur,
3446 4489 46 15 een
3510 4480 87 24 enkel,-
3615 4476 107 34 druppel
3732 4478 21 25 is
3764 4474 150 27 voldoende.
3932 4473 46 25 Als

3046 4509 26 25 ik
3091 4509 48 25 den
3156 4511 90 26 28sten
3263 4511 72 26 dezer
3353 4509 54 27 niet
3423 4511 50 26 ben
3490 4511 163 28 vertrokken,
3670 4509 83 26 schiet
3769 4508 27 25 ik
3808 4508 43 32 mij
3861 4513 61 19 voor
3932 4505 46 26 het

3045 4543 93 30 hoofd;
3155 4543 27 24 ik
3200 4543 50 26 heb
3266 4552 47 17 een
3330 4544 71 32 doel,
3418 4543 26 26 ik
3463 4543 43 26 wil
3522 4544 48 31 rijk
3589 4535 118 38 worden;
3731 4541 28 25 ik
3776 4540 48 26 heb
3843 4548 60 18 eene
3922 4546 41 20 eer-

3046 4574 84 28 zucht,
3149 4574 39 24 die
3206 4576 41 32 mij
3268 4576 65 26 duur
3350 4577 39 25 zal
3407 4577 26 24 te
3451 4577 74 25 staan

3077 4605 83 27 Alsnu
3185 4607 139 33 verschijnt
3348 4607 136 33 Hanguel,
3509 4615 46 17 een
3576 4606 124 32 jongman
3720 4611 51 18 van
3787 4607 33 22 28
3833 4604 92 32 jaren,
3945 4604 32 26 de

3045 4637 274 34 scheepstimmerman,
3338 4641 41 25 die
3398 4641 164 31 Traupmann
3580 4638 38 24 uit
3643 4637 45 25 het
3707 4638 80 22 water
3804 4637 71 24 beeft
3889 4637 86 33 gered.

3045 4670 43 32 Hij
3113 4670 118 25 verhaalt
3256 4671 45 25 het
3326 4671 104 33 geheele
3455 4669 103 26 tooneel
3574 4677 32 15 en
3622 4667 211 33 lioeTropmann
3853 4670 41 24 tot
3911 4671 65 22 twee

3046 4703 64 24 twee
3128 4702 66 24 maal
3211 4703 41 24 toe
3267 4703 123 34 getracht
3405 4702 72 26 heeft
3494 4702 60 25 hem
3570 4708 27 18 in
3615 4700 32 26 de
3656 4700 86 32 diepte
3749 4700 71 26 mede
3830 4701 25 25 te
3865 4702 110 32 sleepen,

3045 4734 92 26 zoodat
3162 4734 35 32 hij
3224 4734 60 26 zelfs
3301 4733 177 34 genoodzaakt
3494 4733 22 25 is
3533 4731 112 33 geweest
3661 4731 58 26 hem
3737 4739 47 19 een
3803 4733 59 32 trap
3879 4742 32 25 op
3928 4734 47 26 den

3045 4774 56 18 arm
3125 4767 26 24 te
3174 4773 97 25 geven,
3289 4774 104 18 waarna
3410 4766 35 32 hij
3464 4772 60 19 voor
3542 4765 30 25 de
3591 4763 76 25 derde
3684 4765 69 25 maal
3769 4765 141 32 duikende,
3928 4767 48 25 den

3045 4799 71 32 bijna
3132 4800 73 24 reeds
3221 4798 122 33 geheelen
3360 4796 203 27 bewusteloozen
3579 4796 164 32 Traupmann
3759 4804 77 25 greep
3854 4806 32 18 en
3896 4798 80 27 boven

3045 4832 78 25 watei
3151 4830 85 33 bragt.
3270 4830 96 26 Beiden
3384 4830 102 26 werden
3503 4830 61 26 door
3582 4828 65 25 twee
3664 4828 93 24 andere
3775 4830 154 26 werklieden
3945 4838 32 26 op

3046 4872 45 17 een
3109 4864 54 25 vlot
3180 4863 149 32 getrokken.
3354 4863 163 32 Traupmann
3535 4869 51 18 was
3602 4863 60 24 toen
3681 4860 90 25 buiten
3780 4860 90 28 kennis
3879 4871 31 18 en
3922 4871 53 22 zou,

3046 4904 67 17 ware
3130 4894 35 33 liij
3185 4903 46 17 een
3248 4893 137 40 oogenblik
3394 4894 89 31 langer
3493 4893 26 25 in
3527 4893 46 25 het
3583 4893 79 25 water
3671 4892 132 33 gebleven,
3811 4894 98 31 gestikt
3920 4896 54 30 zijn.

3078 4929 38 25 De
3130 4922 66 38 pi-es.
3223 4926 40 33 Gij
3280 4925 70 26 hebt
3367 4933 17 17 u
3400 4925 39 26 als
3456 4933 46 18 een
3520 4933 59 18 man
3596 4933 50 17 van
3663 4925 61 25 hart
3741 4924 137 33 gedragen.
3914 4926 46 25 Nie-

3044 4961 78 25 mand
3146 4959 21 25 is
3190 4957 63 31 hier,
3270 4958 30 25 of'
3314 4957 34 33 hij
3367 4956 20 26 is
3406 4957 148 32 aangedaan
3573 4958 32 32 bij
3624 4958 46 26 het
3687 4951 105 31 verhaal
3809 4965 74 18 eener
3901 4958 71 25 edele

3045 4983 78 35 daad.
3143 4990 162 34 (Algemeene
3322 4989 177 34 toejuiching.)

3079 5026 171 30 Traupmann
3269 5023 50 30 (tot
3335 5022 139 32 Hauguel).
3498 5021 33 26 Ik
3547 5023 70 25 moet
3627 5030 27 18 er
3663 5029 43 18 om
3713 5020 106 33 lachen;
3837 5021 38 26 als
3883 5021 26 25 ik
3922 5020 54 26 niet

3047 5055 168 28 bewusteloos
3233 5062 66 19 ware
3315 5055 119 32 geweest,
3452 5048 53 32 had
3521 5062 31 25 ge
3569 5063 40 17 me
3625 5054 73 26 nooit
3715 5053 92 32 gehad.

3081 5091 34 30 Bij
3133 5089 47 24 het
3197 5087 103 26 vertrek
3317 5095 51 17 van
3383 5086 122 33 Hanguel
3520 5087 103 24 worden
3639 5094 50 17 van
3707 5080 48 31 alle
3765 5085 96 27 kanten
3870 5085 31 26 de
3911 5083 48 27 han-

3045 5122 50 25 den
3107 5117 67 28 'naar
3191 5120 59 25 hem
3266 5119 171 34 uitgestrekt;
3455 5119 116 26 iedereen
3588 5118 43 26 wil
3648 5118 59 27 hem
3723 5118 31 25 de
3771 5118 69 27 hand
3852 5117 124 26 drukken.

3076 5153 83 26 Alsnu
3176 5153 73 33 volgt
3266 5152 91 26 dokter
3374 5153 131 30 Bernard,
3523 5152 40 26 die
3581 5152 100 33 verslag
3697 5151 70 34 geeft
3784 5160 50 19 van
3850 5150 51 26 den
3919 5150 40 25 toe-

3044 5187 77 26 stand
3145 5186 97 25 waarin
3267 5185 46 25 het
3337 5183 46 33 lijk
3407 5193 50 18 van
3480 5185 65 26 Jean
3562 5184 84 27 Kinck
3661 5184 133 34 gevonden
3811 5185 30 25 is.
3875 5181 100 26 Doktor

3044 5219 132 31 Bergeron
3198 5217 96 32 brengt
3318 5217 100 32 verslag
3439 5218 40 24 uit
3495 5226 51 15 van
3562 5219 50 24 den
3630 5218 70 25 staat
3716 5217 46 26 der
3778 5224 77 19 zeven
3873 5216 102 33 overige

3045 5250 78 32 lijken
3141 5257 32 17 en
3195 5256 50 18 van
3261 5248 30 26 de
3309 5248 115 26 wonden,
3442 5249 39 25 die
3500 5248 30 32 zij
3549 5249 164 25 vertoonden.
3731 5249 31 25 In
3771 5251 40 25 dit
3820 5249 60 25 stuk
3892 5242 83 32 wordt

3045 5284 41 22 ten
3106 5281 78 26 slotte
3203 5288 131 25 nagegaan
3352 5280 28 26 of
3394 5280 45 26 liet
3456 5274 119 39 mogelijk
3593 5280 37 30 is,
3652 5280 46 26 dat
3715 5280 32 26 de
3763 5282 66 25 daad
3848 5281 64 25 door
3930 5287 46 15 een

3045 5314 73 25 enkel
3137 5320 105 25 persoon
3262 5313 19 24 is
3301 5313 138 27 bedreven,
3457 5319 31 17 en
3506 5313 96 30 daarop
3617 5311 169 26 bevestigend
3801 5309 174 34 geantwoord;

3044 5346 64 26 daar
3124 5346 40 25 uit
3181 5344 31 26 de
3221 5343 180 37 verklaringen
3410 5350 50 18 van
3470 5343 54 26 drie
3533 5342 188 34 geneesheeren
3729 5341 83 35 blijkt,
3823 5341 45 26 dat
3876 5340 83 32 Traup-

3043 5386 85 22 mann,
3146 5378 97 26 hoewel
3260 5378 27 25 in
3302 5376 83 31 schijn
3402 5375 98 31 tenger,
3519 5375 195 31 buitengewone
3732 5375 92 26 kracht
3843 5372 76 26 bezit.

3079 5411 178 31 'Traupmann.
3291 5407 52 26 Het
3369 5407 161 26 verwondert
3546 5407 43 32 mij
3607 5406 81 31 niets,
3707 5407 44 27 dat,
3769 5408 31 26 de
3817 5405 93 26 dokter
3928 5404 47 26 dat

3044 5444 73 32 zegt,,
3144 5443 63 26 daar
3224 5443 25 25 al
3266 5441 31 25 de
3315 5439 144 33 dagbladen
3477 5434 106 31 verteld'
3593 5439 117 31 hebben,
3735 5441 47 27 dat
3798 5439 26 26 ik
3842 5445 46 18 zoo
3905 5437 71 26 sterk

3044 5476 50 24 ben
3110 5476 38 24 als
3165 5481 46 18 een
3228 5472 135 27 Herkules.

3074 5507 87 26 Thans
3178 5505 85 28 wordt
3279 5510 161 28 overgegaan
3455 5503 41 26 tot
3511 5503 46 26 het
3574 5502 109 28 verhoor
3699 5504 46 28 der
3761 5503 123 35 getuigen
3901 5509 17 19 a
3931 5502 30 26 dé-

3044 5543 100 30 charge.

3076 5571 38 27 De
3131 5571 80 26 eerste
3230 5570 21 25 is
3269 5571 31 24 de
3318 5568 156 33 echtgenoot
3490 5567 104 31 Brunei,
3612 5568 129 32 eigenares
3758 5577 50 17 van
3826 5576 46 17 een
3880 5567 96 26 handel

3044 5606 26 26 in
3089 5604 74 34 wijn,
3182 5611 61 21 enz.,
3265 5610 32 25 op
3314 5602 50 25 den
3381 5600 139 26 boulevard
3537 5600 131 32 Magenta.
3700 5602 35 33 Zij
3755 5600 148 27 verklaart:
3919 5600 57 26 Den

3044 5631 89 33 20steii
3151 5637 69 30 Sept.
3239 5635 50 32 zijn
3306 5634 54 25 drie
3378 5640 123 30 personen
3520 5631 35 33 bij
3573 5631 43 33 mij
3634 5631 138 33 gekomen,
3798 5634 43 26 die
3857 5631 44 33 mij
3919 5639 43 19 ver-

3044 5670 79 26 dacbt
3149 5667 194 31 voorkwamen;
3366 5665 30 33 zij
3413 5665 94 26 wilden
3524 5665 158 32 brandewijn
3700 5666 98 33 koopen
3816 5674 32 17 en
3865 5672 111 25 vroegen

3044 5713 41 17 0111
3103 5704 39 24 die
3161 5702 25 22 te
3206 5709 117 22 proeven.
3340 5699 34 32 Zij
3394 5696 96 31 zeiden,
3508 5696 45 26 dat
3570 5696 31 33 zij
3619 5699 52 25 met
3680 5699 48 25 den
3738 5698 145 33 spoortrein
3891 5705 67 19 moes-

3043 5737 45 24 ten
3113 5733 159 26 vertrekken.
3308 5733 56 25 Den
3381 5730 99 26 eersten
3498 5728 60 26 keer
3576 5730 50 25 heb
3643 5730 26 26 ik
3686 5731 164 32 Traupmann
3868 5737 106 19 meenen

3043 5769 26 25 te
3086 5766 155 28 herkennen,
3257 5772 72 18 maar
3347 5763 26 26 ik
3391 5761 89 33 geloof
3493 5761 85 27 thans,
3596 5761 46 26 dat
3658 5763 26 26 ik
3700 5763 44 33 mij
3764 5763 98 33 vergist
3879 5761 58 26 heb.

3077 5800 180 30 Traupmann.
3282 5797 30 25 Ik
3331 5797 50 24 ben
3398 5789 45 31 het
3459 5793 51 25 wel
3524 5794 118 31 geweest,
3661 5796 26 25 ik
3704 5803 53 18 was
3774 5794 63 26 daar
3853 5794 54 25 met
3925 5793 50 25 den

3043 5831 136 34 grootsten
3185 5829 91 33 mijner
3288 5826 223 34 medeplichtigen.
3519 5820 39 31 De
3567 5824 122 30 bediende
3698 5835 51 19 van
3756 5828 47 26 het
3811 5828 59 26 huis
3878 5824 97 28 Brunei

3043 5863 131 26 verklaart
3193 5863 48 24 den
3257 5859 184 33 beschuldigde
3456 5859 30 25 te
3504 5858 100 26 hebben
3622 5858 122 28 herkend.

3078 5897 34 22 De
3139 5894 129 33 president
3292 5894 93 33 vraagt
3407 5893 47 25 hoe
3472 5891 54 25 laat
3544 5891 39 24 die
3601 5898 109 20 mannen
3726 5900 86 18 waren
3830 5891 128 30 binnenge-

3043 5928 97 27 treden.
3165 5927 85 26 Antw.
3267 5926 123 28 kwartier
3405 5931 60 20 over
3480 5923 60 26 drie.
3557 5923 38 25 De
3602 5923 280 34 prokureur-generaal
3889 5921 86 26 merkt

3043 5970 32 24 op
3091 5962 46 24 dat
3152 5960 163 33 Traupmann
3334 5969 40 15 om
3383 5957 54 26 vier
3446 5965 48 18 uur
3503 5965 63 18 naar
3574 5956 85 27 Havre
3669 5957 124 26 vertrekt.
3802 5957 41 25 Mr
3852 5953 123 30 Lachaud

3041 5991 164 30 antwoordt:
3223 5992 48 33 Wij
3291 5992 84 26 zullen
3392 5991 56 26 zien
3465 5989 28 25 of
3508 5995 27 19 er
3552 5989 214 32 onmogelijkheid
3783 5988 110 26 bestaat.

3074 6027 52 25 Een
3144 6026 76 32 jonge
3237 6025 99 31 knaap,
3354 6022 145 27 Fremiant,
3519 6020 137 32 verklaart,
3673 6017 45 31 dat
3735 6022 34 33 hij
3780 6021 26 25 in
3815 6020 48 26 den
3873 6017 102 28 omtrek

3041 6069 47 17 van
3107 6058 104 27 Pantin,
3230 6057 144 32 (waarheen
3392 6057 34 31 bij
3446 6053 143 26 verdwaald
3609 6063 48 17 was
3674 6053 27 27 in
3709 6053 151 35 gezelschap
3868 6058 51 20 van
3927 6057 46 19 een

3040 6091 115 28 militair,
3162 6091 57 25 dien
3230 6090 33 32 bij
3275 6090 22 25 in
3309 6090 47 25 den
3367 6083 143 38 spoortrein
3520 6086 41 22 out
3568 6087 66 24 moet
3643 6086 52 25 had
3703 6094 31 17 en
3743 6086 53 25 met
3806 6084 65 26 wien
3879 6083 37 37 hij
3924 6081 50 26 den

3040 6132 57 27 weg
3113 6132 63 18 naar
3194 6120 171 31 Aubervillier
3381 6120 74 26 wilde
3474 6117 146 43 vervolgen)
3639 6128 46 18 een
3702 6126 59 18 man
3778 6118 27 26 in
3822 6124 45 19 een
3881 6115 91 26 witten

3043 6157 46 26 kiel
3102 6167 44 14 een
3158 6157 51 24 kuil
3223 6157 67 22 beeft,
3302 6157 52 22 zien
3365 6161 104 26 graven,
3488 6151 89 31 terwijl
3589 6154 63 21 twee
3663 6151 91 25 andere
3765 6157 109 18 mannen
3883 6156 32 24 op
3924 6146 48 26 den

3040 6190 80 33 grond
3131 6189 81 34 lagen.
3224 6188 46 25 Dit
3280 6196 51 17 was
3343 6190 27 22 1!)
3381 6187 69 32 Sept.
3459 6184 37 25 De
3506 6182 99 27 soldaat
3614 6184 21 24 is
3644 6183 50 25 den
3702 6190 92 24 graver
3802 6180 130 35 genaderd
3940 6187 31 17 en

3040 6223 71 27 heeft
3128 6223 59 25 hem
3204 6220 144 35 gevraagd:
3365 6219 120 26 Waarom
3504 6216 81 26 werkt
3602 6215 33 34 gij
3654 6223 32 25 op
3703 6215 39 26 dit
3759 6222 54 18 uur.

3072 6256 39 26 De
3131 6263 66 24 pres.
3223 6253 60 26 Men
3301 6252 71 26 heeft
3389 6252 25 25 al
3423 6252 31 25 de
3463 6250 116 25 soldaten
3596 6256 51 17 van
3656 6248 45 25 het
3717 6248 53 25 fort
3787 6246 185 32 ondervraagd,

3039 6295 72 20 maar
3126 6287 56 27 niet
3198 6285 115 34 dengene
3330 6281 222 35 teruggevonden,
3570 6280 40 27 die
3630 6279 32 34 bij
3681 6288 15 17 u
3715 6287 58 18 was.
3808 6278 63 26 Wat
3887 6275 85 26 weder

3039 6330 52 18 was
3107 6320 67 25 het?
3194 6334 31 2 —
3242 6318 85 26 Antw.
3345 6317 97 31 Mistig.
3461 6328 31 4 —
3509 6314 37 24 De
3572 6313 105 31 getuige
3700 6311 115 28 Coudert
3831 6311 138 26 verklaart,

3040 6354 46 26 dat
3102 6351 224 28 te-middernacht
3343 6350 31 25 de
3392 6356 73 17 maan
3482 6345 117 39 prachtig
3606 6344 102 27 scheen.
3726 6345 46 24 Mr.
3785 6341 118 26 Lachaucl
3913 6341 43 22 ant-

3041 6387 104 26 woord!,
3164 6386 45 24 dat
3228 6385 43 22 In-t
3289 6384 30 24 de
3340 6380 83 27 vierde
3441 6380 51 30 dag
3509 6389 31 15 na
3559 6379 96 25 nieuwe
3674 6386 72 15 maan
3757 6384 52 18 was
3819 6381 30 19 en
3859 6376 45 24 dat
3914 6380 56 17 men

3039 6420 51 26 dan
3107 6428 63 21 geen
3190 6415 96 28 mooien
3307 6413 152 31 maneschijn
3481 6412 46 25 kan
3547 6410 107 27 hebben.

3074 6442 46 35 1)..'
3137 6448 182 33 beschuldigde
3344 6446 56 25 laat
3424 6452 45 19 een
3489 6444 104 34 getuige
3609 6443 96 25 hooren
3717 6461 5 11 ,
3739 6448 40 19 om
3797 6441 27 24 te
3843 6439 128 31 bewijzen,

3039 6485 46 25 dat
3109 6484 37 32 hij
3172 6491 46 18 een
3239 6489 61 17 man
3315 6478 79 38 gered
3411 6477 87 30 heeft,
3514 6477 79 25 wiens
3609 6483 57 18 arm
3681 6474 123 26 tusschen
3821 6474 46 22 het
3883 6474 73 21 rader-

3038 6516 70 27 werk
3125 6516 57 30 zat;
3200 6514 35 34 hij
3254 6502 78 37 heeft?
3343 6511 31 26 de
3391 6508 116 27 machine
3524 6509 65 26 doen
3607 6507 129 25 stilstaan.

3069 6549 39 26 De
3126 6548 94 34 zitting
3237 6544 85 28 wordt
3339 6544 44 25 ten
3400 6541 59 27 half
3472 6549 78 19 zeven
3566 6547 45 18 ure
3628 6539 124 32 gesloten.

3072 6582 98 28 (Onder
3195 6582 31 25 de
3253 6575 168 33 aanzienlijke
3445 6582 138 25 personen,
3607 6572 41 26 die
3666 6570 48 26 ook
3731 6568 84 27 heden
3831 6567 91 24 achter
3939 6567 32 24 «ie

3038 6614 78 22 zetels
3136 6621 45 15 van
3201 6612 45 24 liet
3263 6611 47 25 hof
3327 6608 83 33 plaats
3428 6615 98 15 namen,
3544 6605 98 24 melkte
3661 6611 56 15 men
3736 6609 31 21 op
3785 6599 185 25 verschillende

3038 6641 280 34 afcevaardigden.den
3330 6639 92 37 gezant
3437 6646 50 19 van
3496 6635 115 28 Rusland
3630 6643 31 19 en
3677 6634 48 26 «len
3738 6630 216 33 vertegenwoordi-

3037 6684 47 24 ger
3099 6684 50 18 van
3167 6676 105 28 Saksen,
3289 6676 51 25 den
3357 6674 93 27 hertog
3467 6680 51 17 van
3534 6669 74 31 Alva,
3615 6666 111 28 broeder
3733 6665 46 27 der
3787 6664 122 28 keizerin,
3915 6667 54 21 enz.

3037 6696 146 41 Ilexandre
3200 6707 97 26 Dumas
3317 6706 93 30 (zoon),
3428 6703 40 27 die
3485 6702 48 26 ook
3550 6702 116 33 gisteren
3681 6698 27 26 te
3726 6697 56 27 dier
3798 6696 98 32 plaatse,
3909 6702 46 17 aan-

3035 6742 78 26 wezig
3120 6749 59 21 was,
3185 6739 72 33 volgt
3265 6741 53 25 met
3326 6738 174 33 ingespannen
3508 6733 128 28 aandacht
3645 6731 50 28 den
3703 6731 59 31 loop
3772 6731 46 24 der
3827 6731 142 25 debatten.)

4111 200 712 2 HANDELSBERIGTEN.

4413 314 4 8 AMSTERDAM,
4416 314 2 8 Vrijdag
4415 314 1 8 31
4416 314 2 8 December.

4048 338 53 25 Het
4113 338 60 31 jaar
4193 338 53 24 18n.
4263 352 30 19 za
4292 340 9 30 J
4319 340 26 27 fa
4365 339 31 26 de
4414 338 175 34 geschiedenis
4606 345 50 19 van
4681 340 48 28 den
4754 340 178 33 wereldbank

4015 378 53 24 roet
4084 374 94 33 gulden
4196 373 104 27 letteW
4320 383 25 26 te
4364 379 64 26 boek
4446 380 81 24 staan.
4563 377 52 25 Het
4632 380 133 27 grootschc
4785 387 70 25 werk
4873 380 60 31 toch.

4015 416 46 26 dat
4080 413 85 27 sedert
4182 412 171 40 onheugeyjk,,
4370 419 73 34 jaren
4462 415 148 38 gewenscht
4628 423 32 19 en
4677 415 119 34 beraamd
4818 423 71 30 werd,
4906 425 28 21 en

4015 450 80 31 welks
4110 451 146 33 uitvoering
4273 459 98 28 vorsen
4390 464 30 21 erJ
4437 456 93 28 volken
4547 455 85 28 steeds
4650 462 46 19 een
4713 454 70 32 bijna
4798 462 27 24 te
4839 464 83 33 begeer-

4015 484 45 41 lijk
4081 490 107 27 i'li'tücdt
4209 488 18 25 f
4227 490 33 25 art
4277 484 66 33 bloei
4362 503 25 18 e,,
4404 498 43 25 mt
4452 494 138 37 wikkeling
4609 493 102 30 voorde
4722 496 138 37 nandel(h-jj
4865 510 18 18 vl
4884 509 4 7 .
4891 509 14 15 n
4907 498 27 26 de

4015 531 86 26 natiën
4119 526 122 31 noemden
4240 527 1 8 1
4260 523 46 31 dan'
4326 523 41 33 aal
4390 536 27 26 flj
4434 536 106 26 durfden
4560 531 80 39 höpefl
4661 533 45 30 het
4730 533 47 26 ook
4801 535 27 24 te
4852 542 83 27 mogen

4015 569 193 27 aanschouwen,
4225 562 45 28 dat
4286 568 70 25 werk
4375 569 20 24 is
4414 566 115 43 ext*U\s
4548 575 13 26 i,
4566 579 18 22 it
4604 572 43 31 „et
4664 575 48 33 rijk
4730 574 45 26 der
4793 570 102 35 plannm
4906 581 27 27 of

4015 605 44 30 het
4075 605 91 35 gebied
4185 605 45 22 der
4247 605 189 32 werkelijkheid
4455 617 41 22 g.*.
4496 622 27 18 re
4527 614 56 26 den.
4615 613 39 27 De
4670 607 213 35 MMdeilandscbj
4890 614 26 25 Ze-

4063 646 31 28 do
4111 640 85 32 Roede
4205 643 48 25 Zee
4271 640 48 34 zijit
4338 640 53 30 tóet
4408 641 91 38 tónglfr
4514 653 60 26 dcor
4593 659 59 21 eene
4670 653 144 27 eMelooze

4016 685 150 27 Bes.belden
4182 686 71 20 maar
4270 679 137 35 vefechlg.il
4423 680 63 31 door
4502 680 45 33 liet
4565 680 92 39 kntiaai
4675 694 48 21 >tin
4742 691 71 28 Siiez.

4013 726 45 25 der
4076 716 154 35 volharding
4245 723 48 22 fiill
4312 716 122 31 dieiellae
4453 720 116 34 frïhMê
4589 728 84 37 üa.tte,
4693 725 78 31 welke
4798 739 6 18 ï
4841 728 59 31 d*'°'

4012 763 73 34 jaren
4104 752 28 34 de
4153 759 81 33 glorie
4256 768 50 17 van
4322 759 61 25 hare
4402 762 119 34 Wapeöéïl
4540 770 47 28 aar)
4607 771 28 24 ttr
4656 763 93 32 mufcit
4762 764 44 32 der
4821 757 74 50 pfttf

4013 794 50 35 éeti
4082 800 71 27 heeft
4168 796 183 34 opgeteekend.
4385 798 56 27 Met
4468 808 125 31 moeielijk
4619 797 26 35 ie
4813 800 15 32 v'

4013 840 52 28 Kiet
4082 835 133 34 Engeland
4235 844 33 25 op
4293 836 30 26 de
4343 836 132 35 bewijzen,
4496 846 80 26 welke
4603 844 30 26 de
4658 843 118 30 fransche
4802 840 124 43 fajjerf*™

4013 880 90 26 aldaar
4113 883 113 25 gegeven
4238 870 98 28 hebben
4351 883 47 18 van
4410 875 84 32 hunne
4502 886 91 30 groote
4599 883 89 26 kennis
4697 892 48 17 van
4756 885 156 28 werktnie-nn-

4013 914 78 37 digen
4110 913 78 33 aat'd,
4205 914 31 25 erf
4254 912 45 27 bef
4307 913 71 27 beeft
4395 918 100 30 moeten
4509 921 136 32 erkennen,
4656 919 56 28 niet
4719 921 92 33 langer
4818 922 30 30 de
4857 917 69 37 é*fee

4015 956 31 26 é'ö
4062 953 116 34 grootste
4201 951 71 26 natie
4292 952 26 24 te
4408 954 32 26 96
4456 952 45 32 dat
4517 958 102 37 gebied.'
4644 957 52 30 Vat
4714 957 31 26 de
4763 958 167 33 Eriffelacipan

4015 991 50 30 «'-ijn'
4082 987 116 30 k.'floreri
4215 989 144 34 rftotïo'pblie'
4376 992 39 26 Zal
4424 992 120 33 trachten
4554 1000 25 25 te
4589 992 155 34 licrwiniieri,
4762 987 169 50 «jWaiMf»'

4015 1032 47 26 feit
4083 1032 47 22 wel
4147 1022 124 32 niëó.'ati'f,
4311 1025 70 30 KaW
4400 1032 63 30 fuist
4480 1037 39 26 die
4537 1038 100 33 prikkel
4656 1032 15 30 f
4833 1022 89 48 \tit\w
4923 1038 9 14 2

4015 1067 187 33 ontwikkeling
4218 1067 99 26 belooft
4335 1064 98 31 mVutfe
4450 1067 169 46 Vorderfrtgeri
4636 1084 32 22 op
4688 1068 45 33 dai
4749 1070 64 32 tefi-e
4815 1087 25 19 m
4840 1078 8 32 :,
4867 1072 65 33 W,lke

4013 1107 124 27 heüzame
4156 1106 128 25 vruchten
4299 1107 159 32 voorspellen
4476 1119 60 22 voor
4554 1114 50 28 alle
4623 1100 102 44 vc^Veri,'
4741 1111 84 31 omdat
4840 1108 94 41 snelde.'

4013 1155 33 18 en
4061 1144 89 27 betere
4165 1146 204 33 voortbrenging
4394 1147 50 27 ook
4468 1157 67 24 meer
4563 1156 90 26 arbeid
4678 1162 31 19 en
4733 1144 69 33 fitèrf
4824 1153 111 31 Wph^rt

4015 1183 84 27 zullen
4116 1181 128 28 schenken
4260 1192 48 18 aan
4326 1193 47 17 een
4391 1186 77 26 ieder.

4046 1222 60 32 Nog
4131 1230 73 25 moge
4231 1222 31 26 de
4279 1222 99 26 nieuwe
4395 1227 100 33 Zeeweg
4509 1232 57 27 niet
4581 1234 41 26 die
4641 1226 190 33 volmaaktheid
4846 1227 91 34 ber***

4015 1260 109 28 Hebben,
4142 1267 40 18 om
4201 1261 72 25 reeds
4292 1261 183 34 onmiddellijk,
4493 1267 93 31 zonder
4594 1270 77 35 eenig
4687 1270 123 27 bezwaar,
4826 1266 113 38 gebrokt

4015 1293 26 32 te
4058 1297 103 28 worden
4161 1300 8 30 1,
4187 1298 33 28 efl
4237 1293 148 33 irtfltiöenen!
4403 1302 92 35 tegen
4511 1313 52 33 nog-
4580 1306 129 32 vereischt
4726 1302 103 32 Wcrrden
4843 1320 44 19 eer
4898 1306 43 30 fc«*

4015 1338 93 26 kanaal
4126 1338 131 33 werkelijk
4278 1332 115 33 voltooid
4410 1333 28 38 k,
4456 1343 61 28 toch
4534 1348 70 28 staat
4620 1351 33 25 de'
4669 1348 63 27 zaak
4749 1343 72 27 reeds
4833 1349 110 28 voof«>*

4015 1376 39 26 als
4072 1384 46 18 een
4136 1376 53 30 feit,
4208 1377 46 26 dat
4271 1377 30 26 de
4318 1378 216 33 nauwlettendste
4552 1390 63 25 Zdr'r»
4630 1391 32 22 etl
4678 1378 129 34 aandacht
4824 1381 118 37 afdwingt'

4015 1424 50 18 van
4083 1423 53 22 ons,
4154 1416 156 33 noordelijke
4329 1417 89 26 natiën
4444 1426 103 31 vooral,
4566 1429 40 24 die
4624 1434 67 19 weer
4708 1421 37 28 als
4762 1423 63 24 voor'
4845 1426 98 31 gatten

4015 1453 27 27 hi
4058 1454 31 27 de
4107 1455 220 27 Middellandsche
4344 1456 47 26 Zee
4410 1456 47 26 den
4475 1460 92 32 sleutel
4586 1466 85 26 zullen
4689 1460 99 28 moeten
4799 1466 92 28 zoeken
4896 1460 48 28 f&d

4015 1487 31 34 de
4070 1489 181 39 rlJll'd«nni<.n,
4270 1504 51 24 nog
4338 1495 73 32 altijd
4430 1498 142 37 verborgen
4587 1506 27 24 in
4632 1505 50 24 den
4698 1495 131 32 indischen
4845 1499 103 33 handel,

4015 1534 47 26 hoe
4080 1534 96 33 weinig
4191 1534 177 44 w'iflefgoyend
4384 1534 40 26 die
4442 1534 92 33 handel
4553 1543 48 26 ook
4623 1540 39 28 dit
4676 1539 60 34 jaar
4752 1543 63 19 voor
4821 1546 85 25 reeder
4913 1545 32 19 en

4015 1571 126 37 koopman
4156 1576 112 32 geweest
4287 1570 40 38 zij.

4046 1612 52 28 Dat
4116 1613 91 37 bewijs-
4221 1624 50 18 van
4286 1616 85 27 nieuw
4390 1617 74 27 lever!
4482 1616 50 37 gaï
4545 1617 32 28 Ac
4593 1620 71 26 «rade
4682 1612 111 32 Wereld,
4819 1615 72 34 Maar
4899 1615 48 31 ook

4015 1651 31 27 de
4062 1648 106 34 Nieilwe
4185 1656 104 27 Wereld
4306 1656 72 27 heeft
4395 1657 54 26 niet
4466 1656 92 27 achter
4573 1655 86 28 willen
4676 1652 96 34 Mijven
4788 1650 27 28 in
4832 1656 44 30 het
4893 1658 43 26 ver-

4013 1690 63 27 toon
4084 1701 51 18 van
4143 1691 100 30 kracht.
4254 1694 52 27 Het
4315 1697 35 24 j*u
4359 1696 74 25 reeds
4440 1703 46 17 zoo
4495 1695 64 33 rijke
4567 1690 253 33 Kalïfornië,schoon
4828 1702 52 30 nog
4890 1688 43 35 wei-

4015 1730 45 33 nig
4078 1731 78 27 ouder
4173 1734 51 26 dan
4241 1743 46 18 een
4305 1730 125 37 dertigtal
4446 1733 84 33 jaren,
4547 1734 99 26 belooft
4663 1740 50 19 aan
4730 1728 32 28 de
4778 1736 50 28 ?>og
4840 1742 15 26 p
4857 1744 30 20 aa
4903 1741 13 19 z
4918 1736 30 20 oo

4017 1768 124 27 logische
4159 1772 135 26 Westkust
4313 1780 52 17 van
4391 1769 123 28 Amerika
4539 1773 113 25 dezelfde
4672 1765 178 32 leveneVghelu
4870 1781 15 20 b
4886 1774 15 33 jj
4922 1769 28 25 to

4013 1808 94 32 zetten,
4126 1811 104 34 Waaf(*p
4246 1811 31 26 de
4296 1809 128 27 Oostkust
4441 1809 73 26 reeds
4530 1818 46 18 zoo
4593 1808 57 27 vele
4665 1809 74 34 jarep
4756 1804 91 25 roemt.
4880 1805 71 30 jyiot

4012 1848 124 27 tevreden
4153 1850 90 26 echter
4267 1845 53 30 met
4345 1848 66 33 Zijne
4427 1847 99 27 drukke
4543 1848 174 33 scheepvaart,
4727 1840 142 31 onvoldaan
4880 1845 64 22 over

4013 1890 51 30 zijn
4081 1890 157 31 eenzijdigen
4256 1887 148 31 zeehandel,
4421 1885 43 27 wil
4483 1886 46 28 het
4547 1893 34 21 «U
4599 1889 50 26 ook
4665 1897 53 18 me„
4734 1881 47 31 het
4792 1881 26 19 1.
4872 1881 73 21 -«*..«.!

4126 1925 106 28 dtrjVen,
4247 1933 31 14 en
4294 1925 27 22 in
4332 1924 190 31 regtstreeksch
4541 1925 106 27 VetlfecT
4659 1925 90 27 treden
4757 1916 52 28 n*^
4819 1916 30 27 de
4857 1929 86 26 groote

4016 1959 87 25 steden
4206 1959 31 25 de
4254 1963 86 22 vieren'
4359 1964 32 21 ca
4409 1958 111 31 rivleï-ert
4538 1969 32 20 en
4586 1971 50 20 aan
4654 1961 50 31 den
4722 1958 79 30 OW**
4802 1955 18 22 fl
4832 1958 112 41 8e1(_-ge1t,

4016 1997 73 25 Maar
4113 1997 57 26 hier
4195 1994 104 38 dreigde
4318 1994 32 30 de
4368 2000 103 25 Wensch
4488 2000 63 33 niet,
4570 2003 63 34 lang
4649 1988 137 43 onvervuld
4802 1989 26 28 te
4844 1996 60 41 bjrjy'
4904 2015 12 18 e
4917 2008 27 24 n\.

4016 2036 56 26 Met
4087 2033 131 37 werkelijk
4246 2036 330 38 bewonderenswaardlgen
4603 2044 74 25 moed
4694 2049 30 20 en
4741 2031 87 38 groote
4844 2044 13 19 v
4858 2050 13 19 o
4872 2042 27 30 _f_
4900 2055 15 17 a
4917 2047 27 25 _.-..

4016 2073 63 35 duig
4095 2075 31 26 cü
4146 2075 91 27 kennis
4254 2075 22 26 is
4293 2075 30 26 de
4341 2079 319 35 spoorweggemeenschap
4680 2074 117 33 tusschen
4815 2069 40 32 het
4870 2082 56 27 Wes-

4015 2114 45 26 ten
4084 2122 32 18 en
4131 2114 97 28 Oosteil
4247 2115 51 28 fait
4313 2113 123 26 Amerika
4455 2115 41 26 tot
4513 2119 76 27 stand
4606 2115 135 38 gebracht,
4759 2114 30 22 en
4807 2108 64 39 al&oo
4887 2121 50 33 zijn

4013 2153 66 30 twee
4097 2154 98 27 nieuwe
4206 2163 87 26 wegen
4306 2160 50 21 vart
4374 2151 215 34 handelsverkeer
4599 2159 27 26 in
4637 2158 39 27 dit
4684 2158 60 27 céne
4759 2150 58 34 jaar
4826 2156 72 38 geo_^
4899 2167 25 19 n(
4924 2158 15 28 |,

4015 2193 40 30 $c
4071 2194 90 38 groote
4178 2194 152 28 voordcelen
4348 2196 117 30 beloVen'.

4048 2237 46 25 Zal
4119 2245 35 18 mi
4179 2232 52 30 <M
4258 2236 94 26 weldra
4378 2237 122 28 tusschen
4518 2235 104 33 Noord--
4639 2243 32 22 «5«
4689 2225 187 56 Zufd-A^flVg
4893 2241 45 24 <*>»

4015 2274 91 28 breede
4123 2275 138 34 waterweg
4274 2275 131 34 gegtatciv
4422 2276 34 27 erV
4472 2278 50 28 oók
4533 2280 63 27 daar
4612 2284 65 21 voor
4694 2271 50 31 den
4759 2263 87 32 l»Bnde|
4859 2284 31 19 en
4910 2278 30 24 __„

4015 2315 168 31 scheepvaart
4198 2323 50 17 van
4257 2315 90 33 geheel
4364 2316 31 24 de
4416 2311 94 33 wereld
4531 2322 60 24 cerie
4606 2320 98 25 nieuwe
4723 2308 63 30 brotf
4802 2307 45 28 Taii
4854 2323 13 18 a
4867 2324 13 18 r
4881 2310 59 32 beid

4015 2357 31 21 en
4071 2352 118 28 voordeel
4215 2353 116 34 geopend
4358 2355 117 27 worden?
4492 2357 76 34 Bijna
4586 2361 46 24 zoü
4650 2361 59 21 toten
4709 2356 2 11 1
4724 2342 106 41 gene,Sd
4846 2352 26 37 zjj
4873 2362 18 19 n
4909 2356 32 25 gp

4015 2392 40 27 die
4169 2389 176 38 (uimiddellijk
4354 2401 46 19 een
4417 2395 188 32 toestemmend
4624 2382 132 41 antwoofd
4775 2381 28 57 tej
4818 2385 41 30 get
4859 2400 38 25 en>
4906 2402 17 17 n
4925 2395 15 22 »

4015 2422 31 35 de
4062 2427 79 37 blijde
4157 2433 122 32 eïvarlrlg
4294 2428 27 30 ifl
4338 2430 40 28 dit
4391 2432 60 35 jaar
4467 2438 243 35 eldersverkregèß-
4735 2426 38 28 #n

4015 2471 40 34 wij
4072 2471 56 27 niet
4143 2467 106 31 nalaten
4267 2471 31 26 cf
4312 2463 71 35 ihlile
4398 2473 51 27 den
4466 2477 102 30 Wensch
4580 2478 35 34 bij
4625 2480 26 26 te
4775 2464 32 28 Pa
4831 2467 25 21 ev
4856 2472 86 27 enzeef

4015 2510 31 25 de
4062 2517 57 26 weg
4135 2518 48 17 van
4201 2507 164 27 Amsterdam
4382 2513 65 24 naar
4462 2513 30 26 de
4508 2516 133 28 Noordzee
4659 2512 96 31 weldra
4769 2504 48 26 den
4834 2506 107 35 to^ang

4013 2551 74 32 móge
4114 2549 135 26 ferleenen
4273 2557 50 18 aan
4349 2549 40 26 die
4420 2554 91 31 groote
4537 2554 194 37 stoomsehepen
4754 2548 47 24 vB°
4827 2541 40 37 J»»
4867 2567 15 18 a
4906 2564 33 20 e»

4013 2581 123 34 Amerika
4160 2584 143 33 Komende,,
4325 2588 81 26 welke
4431 2598 35 19 nu
4491 2602 72 18 maar
4590 2593 26 28 al
4632 2596 26 25 te
4676 2596 57 24 teel
4747 2583 100 27 dreigen
4859 2603 32 26 op

4013 2629 81 26 ruime
4111 2635 44 19 zee
4170 2626 46 27 der
4234 2621 80 39 goede
4331 2629 168 30 Voornemens
4521 2635 26 25 te
4565 2631 96 37 blijven
4689 2617 182 47 rondz^afte^
4886 2636 50 26 hoe

4013 2669 146 26 onmisbaar
4176 2675 27 18 ze
4221 2667 51 26 ook
4287 2675 64 18 voor
4368 2665 50 31 den
4435 2667 69 31 Moei
4520 2680 50 20 van
4586 2681 80 20 onzen
4677 2656 164 50 groothandel
4847 2675 12 22 n
4861 2682 24 19 lO
4885 2683 19 25 g
4905 2683 11 18 C
4918 2682 15 19 „

4015 2706 125 34 genoemd
4156 2705 111 27 worden.

4045 2747 39 26 En
4110 2738 123 40 waarlijk,
4259 2744 40 26 die
4317 2746 171 31 groothandel
4515 2759 60 26 mag
4599 2751 47 27 het
4667 2748 63 37 jaar
4752 2734 61 58 1^
4828 2744 39 32 *el
4883 2760 25 18 n,
4910 2760 12 18 e
4925 2756 13 21 t>

4013 2785 89 33 eenige
4129 2776 181 41 bemoediging
4333 2781 118 31 intreden
4479 2796 34 20 na
4538 2790 31 26 de
4594 2790 96 33 weinig
4883 2796 17 20 B
4900 2812 8 4 _
4911 2791 11 25 t
4924 2802 13 8 ,

4012 2825 133 28 komsten,
4169 2823 83 26 welke
4278 2823 46 26 het
4350 2819 151 39 afgelocrpen
4521 2829 61 34 jaar
4607 2830 60 25 hem
4691 2817 70 35 heeft
4785 2818 148 37 °PSel»verd

4012 2862 59 26 Wel
4096 2869 85 18 waren
4213 2862 30 25 de
4278 2870 144 18 aanvoeren
4447 2872 48 20 van
4532 2868 56 26 Vele
4615 2855 151 46 stapelartik
4767 2851 56 26 elen
4847 2869 27 28 j_.
4877 2867 45 26 oot

4013 2909 51 18 van
4091 2902 54 24 vele
4174 2898 182 34 aanzienlijker
4376 2901 63 27 zelfs
4456 2903 52 28 dan
4533 2907 27 27 in
4586 2902 89 39 vor%e
4697 2900 89 38 j»ren'
4801 2894 25 20 m
4827 2897 37 26 ***
4884 2906 54 26 niet

4012 2940 76 32 altijd
4120 2936 133 34 waarlijk,
4278 2935 100 31 foMeü
4408 2942 39 26 die
4473 2953 143 19 aanvoeren
4642 2942 50 30 ook
4723 2936 77 33 «**.
4808 2934 115 44 vHartge-

4012 2979 81 28 vende
4120 2978 94 27 markt.
4247 2976 38 28 De
4311 2978 96 34 prijzen
4431 2981 50 27 fa*!
4481 2983 2 9 1
4500 2975 54 38 vete
4573 2986 125 33 goederen
4722 2969 125 35 wissen
4867 2989 52 21 Bte/
4919 2980 20 31 k

4012 3027 33 18 en
4062 3018 125 34 gedurig,
4212 3017 93 26 zoodat
4329 3025 28 18 er
4372 3019 193 34 gelegenheden
4590 3027 102 31 genoeg
4715 3019 72 46 &"'$
4839 3018 41 32 *!)»
4897 3032 43 18 on.

4012 3053 66 31 «elfe
4103 3057 92 33 groote
4221 3056 109 27 winsten
4355 3057 27 26 te
4407 3058 117 28 behalen.
4559 3063 73 26 Maar
4658 3058 41 31 dlc
4723 3048 216 56 «*P^ge'diV

4012 3086 53 46 rlgè
4091 3096 91 35 iijzïög
4205 3099 32 22 eH
4263 3094 89 34 daling
4376 3097 45 26 der
4444 3099 96 32 prijzen
4567 3097 197 31 veroorzaakten
4782 3086 47 24 ö<*
4845 3093 96 33 *»HcemT

4012 3137 90 35 groote
4120 3136 135 33 verliezen,
4273 3138 31 26 en'
4322 3131 30 33 de
4363 3136 136 37 geregelde
4518 3138 97 28 handel
4632 3139 57 27 leed
4706 3132 77 32 on<*cr
4787 3164 31 18 fiq
4815 3130 13 15 L'
4841 3136 98 28 ">♦»»*-'

4011 3178 60 25 heid
4100 3177 45 26 der
4169 3174 93 30 markt.
4298 3177 69 26 Voor
4391 3174 170 37 spekuïanfcn
4583 3178 22 26 is
4620 3178 46 27 het
4680 3178 58 34 jaar
4752 3171 15 41 }
4770 3168 46 22 s™
4834 3174 7 17 e
4844 3178 25 24 »n
4886 3171 39 32 uit-

4011 3215 125 26 muntend
4140 3215 60 32 jaar
4208 3213 120 34 geweest,
4338 3211 71 27 Want
4417 3210 102 33 telkens
4528 3226 51 18 was
4590 3224 28 19 er
4626 3208 213 48 Vera»^er'B^!_'',
4854 3213 25 32 in
4890 3214 47 30 dit»

4012 3248 50 30 dan
4071 3252 26 24 in
4106 3253 45 22 dat
4159 3250 102 25 artikel.
4279 3250 74 25 Maar
4365 3253 30 24 of
4401 3249 54 28 niet
4463 3256 103 32 menige
4579 3265 46 25 ,op
4635 3242 143 40 statistiek^
4806 3248 30 45 j,'
4839 3256 28 19 1-»-
4893 3265 21 6 ~-
4916 3269 7 13 d
4925 3272 12 5 „

4011 3298 51 27 gen
4070 3287 145 33 schijnbaar
4225 3288 148 27 uitnemend
4378 3292 131 32 gegronde
4521 3286 220 41 speculatie,toch
4749 3278 129 43 resnltat;,;
4890 3306 9 13 y
4905 3296 5 5 -
4929 3313 9 4 _

4012 3327 90 35 geheel
4119 3322 214 38 tegenstrijdigen
4348 3330 63 26 aard
4419 3330 71 28 heeft
4500 3334 162 32 opgeleverd,
4671 3331 77 28 daara
4749 3326 31 34 a?
4788 3318 91 41 tw,jtïlt
4886 3325 51 34 wel

4012 3364 126 30 niemand.
4157 3363 31 25 In
4198 3363 50 25 den
4256 3366 190 33 suikerhandel,
4454 3370 60 26 trad
4522 3371 31 27 de
4561 3369 154 31 beetwortel
4723 3360 37 31 dit
4765 3366 11 25 J
4779 3360 87 35 aaT*r»,
4867 3380 13 17 c
4881 3371 56 27 itju

4012 3415 45 18 irer
4076 3411 32 26 op
4117 3400 50 26 dan
4176 3402 54 24 ooit
4239 3404 26 21 te
4273 3411 85 21 voren,
4369 3406 38 25 als
4417 3406 163 37 mededinger
4598 3419 50 18 van
4662 3411 31 26 de
4703 3394 170 43 rietsuiker;,_,
4881 3419 41 18 me
4925 3424 12 6 _

4012 3439 59 37 nige
4095 3438 198 32 ondenieming,
4318 3446 52 26 nog
4395 3443 126 32 gebouwd
4540 3455 32 25 op
4597 3446 32 27 dö
4651 3445 104 32 vroeg«-'r
4756 3444 12 15 °
4787 3433 150 41 too%den.

4012 3478 60 30 toen
4090 3478 31 26 de
4137 3474 128 30 koloniale
4284 3477 85 27 suiker
4384 3481 32 26 de
4434 3488 208 33 oppermachtige
4659 3478 132 45 heeT»*ne_'
4794 3477 24 20 ea
4818 3478 56 31 ''***
4883 3493 50 20 van

4012 3521 30 27 de
4068 3515 102 30 markt,
4194 3510 47 37 gaf
4254 3514 113 34 treurige
4385 3519 164 32 uitkomsten.
4576 3524 63 27 Wat
4655 3524 25 27 al
4697 3522 65 27 hoop
4779 3510 52 26 had
4845 3523 78 31 «Aenig-

4012 3567 46 21 ecn
4084 3562 51 20 van
4150 3554 32 26 de
4196 3550 128 27 kolossale
4342 3556 217 40 ondernemingen
4574 3563 28 27 in
4619 3563 90 33 koffij,
4726 3562 31 21 e»
4773 3549 159 45 hoc.**rlijk

4012 3598 70 28 werd
4101 3595 40 26 die
4159 3589 124 33 verijdeld
4299 3591 63 26 door
4378 3602 46 19 een
4442 3596 59 35 loop
4519 3601 46 26 der
4580 3601 113 34 prijzen,
4709 3596 40 28 die
4757 3595 56 21 mea
4822 3587 110 40 lij^bt

4011 3640 27 25 in
4064 3633 74 34 strijd
4163 3627 89 30 achtte
4267 3627 56 26 met
4338 3628 31 27 de
4385 3632 103 31 immers
4514 3641 79 26 meest
4617 3640 81 35 juiste
4716 3641 31 22 en
4763 3627 171 43 nauw^ge

4012 3670 203 35 berekeningen!
4241 3667 156 32 Ongekende
4422 3674 94 32 prijzen
4543 3680 98 26 zouden
4670 3681 63 25 voor
4748 3667 39 30 tin
4802 3669 130 45 verV,^,»

4011 3716 111 28 worden,
4139 3719 31 18 en
4188 3705 131 32 werkelijk
4336 3706 71 26 heeft
4423 3712 48 25 ook
4489 3720 45 22 een
4553 3718 168 32 aanzienlijke
4740 3706 91 34 rijzing
4847 3715 66 31 neg-

4011 3763 47 18 een
4068 3751 90 37 groote
4168 3745 111 30 winsten
4286 3751 51 19 van
4345 3745 39 26 dit
4394 3749 94 30 artikel
4498 3754 64 30 doen
4571 3751 201 39 genlcten.Maar
4781 3743 91 33 alweer
4879 3756 53 27 tra*»

4012 3793 142 34 plotseling
4170 3794 60 19 eene
4241 3783 89 32 daling
4348 3784 33 30 in,
4391 3785 39 25 die
4449 3791 85 38 menig
4551 3796 125 26 behaalde
4693 3787 76 33 whist
4785 3784 154 45 wegdeèj^.

4011 3831 76 33 Bijna
4102 3836 47 18 zou
4165 3831 58 20 men
4241 3821 30 27 de
4287 3822 138 33 specerijen
4443 3826 38 27 als
4493 3840 60 18 eene
4571 3833 180 30 uitzondering
4767 3823 103 30 kunnen
4883 3835 41 22 noe-

4012 3879 59 20 men
4094 3875 33 25 op
4143 3865 40 27 die
4204 3859 135 31 artikelen,
4356 3868 70 19 waar
4443 3863 54 31 elke
4515 3872 91 34 rijzing
4623 3874 100 26 telkens
4741 3867 61 27 door
4822 3872 59 24 eene
4900 3869 21 26 da-

4011 3911 56 33 ling
4084 3901 111 39 gevolgd
4217 3898 28 32 is,
4264 3905 32 18 en
4317 3906 119 19 waarvan
4454 3902 28 27 de
4502 3908 84 34 cijfers
4604 3912 45 26 der
4665 3905 130 33 statistiek
4813 3911 52 28 nog
4883 3917 19 26 ff
4903 3906 37 25 ,,:ii

4012 3947 111 35 onjuiste
4149 3945 169 32 grocpeenng
4343 3939 131 30 verraden.
4507 3947 73 28 Maar
4605 3952 89 27 vooral
4722 3947 104 30 nieten
4846 3947 39 34 wij
4899 3957 17 18 n
4916 3943 30 31 o£

4012 3999 32 25 op
4071 3986 46 28 het
4144 3976 161 34 verblijdend
4332 3974 165 35 verschijnsel
4517 3986 104 33 wijzen,
4641 3990 46 22 dat
4704 3987 31 24 de
4754 3980 93 30 handel
4864 3985 26 27 ba
4906 3987 27 25 %*-

4010 4026 61 32 -toen
4107 4024 57 28 hier
4196 4019 43 25 ter
4263 4015 71 26 stede
4361 4022 61 19 eene
4448 4023 92 28 grocte
4570 4024 163 34 verbreiding
4756 4020 72 31 heeft
4851 4029 98 26 gn-
4866 4029 50 26 ewo

4013 4074 63 20 ne...
4106 4064 40 27 die
4170 4054 81 34 ruime
4277 4052 150 27 voordcelen
4456 4064 61 21 voor
4543 4063 31 26 de
4598 4064 130 26 toekomst
4753 4061 106 30 belooft.
4893 4064 58 31 Nog

4013 4111 76 28 moge
4110 4110 61 26 onze
4196 4094 87 33 markt
4306 4093 59 22 *.«<*.
4391 4090 58 28 zulk
4474 4104 45 21 een
4546 4102 38 27 tal
4610 4111 51 19 van
4682 4102 109 34 koopers
4808 4101 94 30 lokken
4920 4108 33 21 en

4015 4155 46 17 een
4093 4152 45 18 zoo
4167 4133 126 40 g.needen
4319 4130 67 26 afzet
4413 4133 142 38 verleenen,
4580 4143 39 25 als
4646 4141 148 27 onmisbaar
4824 4150 61 25 mag
4909 4150 32 25 ge-

4015 4183 92 28 noemd
4123 4179 104 30 worden
4247 4178 61 20 voor
4332 4168 46 27 het
4403 4176 32 26 op
4460 4173 48 28 den
4533 4175 66 32 duur
4626 4176 120 33 levendig
4774 4180 104 27 houden
4903 4185 51 22 var»

4015 4225 50 26 den
4089 4209 267 40 ondernemingsgeest
4381 4207 45 27 der
4449 4218 170 28 aanvoerders
4643 4224 51 21 van
4719 4214 74 28 Indië
4818 4225 31 18 en
4874 4220 59 27 Ame-

4015 4263 72 32 rika,
4111 4261 63 26 toch
4198 4260 22 25 is
4245 4256 30 26 de
4300 4248 144 33 algemeene
4470 4251 202 39 belangstelling
4697 4260 64 20 voor
4787 4254 46 26 het
4859 4252 94 33 artikel

4016 4302 109 31 gewekt,
4142 4310 32 17 en
4198 4298 46 27 dat
4267 4291 59 35 zegt
4351 4286 72 28 reed»
4439 4290 63 28 veel.
4518 4293 33 26 Al
4569 4303 93 26 mogen
4680 4293 51 27 dan
4746 4291 50 27 ook
4812 4292 31 27 de
4857 4293 94 30 meeste

4016 4338 79 25 zaken
4120 4339 26 25 in
4169 4338 39 26 dit
4225 4332 94 31 artikel
4336 4329 41 28 tot
4391 4331 52 27 nog
4457 4331 43 25 tee
4520 4332 154 27 uitsluitend
4691 4339 48 19 van
4756 4330 195 33 spekulatieveu

4016 4372 63 25 aard
4104 4377 110 28 geweest
4238 4376 65 33 zijn,
4320 4371 40 27 die
4378 4364 122 32 toestand
4570 4371 158 33 gaandeweg
4744 4371 157 27 veranderen
4919 4374 32 17 ca

4017 4410 150 26 verbeteren
4178 4431 6 9 ,
4201 4422 118 17 wanneer
4337 4417 72 21 maar
4426 4406 69 30 eerst
4501 4402 69 30 ieder
4578 4410 142 26 handelaar
4729 4416 70 20 meer
4807 4402 145 35 vertrouwd

4016 4447 22 26 is
4062 4447 136 32 geworden
4225 4449 53 25 met
4303 4450 78 25 dezen
4408 4446 102 30 handel.
4541 4443 38 33 Op
4600 4449 48 27 den
4667 4447 142 35 grondslag
4826 4455 50 20 van
4893 4441 44 34 wel-

4016 4485 137 35 geslaagde
4178 4486 177 30 spekulatiën,
4380 4487 91 25 bouwe
4496 4494 58 18 men
4573 4492 33 17 nu
4624 4491 28 18 üv
4676 4487 183 27 katoenmarkt
4876 4486 76 28 zelve.'

4050 4526 74 26 Maar
4141 4521 31 27 de
4192 4521 180 33 beschouwing
4384 4528 60 19 over
4462 4522 48 25 «len
4521 4524 58 32 loop
4597 4528 48 19 van
4664 4527 37 18 er*
4719 4524 94 31 artikel
4831 4526 64 28 door
4919 4520 32 27 de

4015 4566 144 27 makelaars
4175 4560 130 27 verstrekt
4329 4559 41 26 zal
4391 4567 47 19 een
4456 4560 73 26 beter
4547 4560 131 26 overzicht
4695 4567 50 19 van
4759 4566 50 27 den
4826 4564 123 35 geheelen

4016 4603 94 32 handel
4119 4600 142 38 geven,dan
4269 4599 27 25 in
4306 4598 39 26 dit
4354 4598 74 25 korte
4437 4599 89 22 woord
4534 4599 91 32 gepast
4635 4606 31 18 en
4675 4599 120 33 mogelijk
4809 4605 9 27 j
4820 4612 12 19 s
4834 4625 5 5 .
4857 4605 91 26 Alleen

4015 4645 39 26 dit
4071 4654 50 18 no<*
4137 4643 32 33 zij
4179 4641 56 27 hier
4244 4641 44 24 ten
4306 4637 78 27 slotte
4394 4636 158 33 opgemerkt,
4561 4636 46 26 dat
4617 4645 60 18 eene
4687 4636 27 27 in
4723 4638 131 26 waarheioi
4860 4639 91 38 groote

4015 4681 181 37 levendigheid
4219 4677 90 38 geheel
4332 4676 50 27 den
4397 4672 97 28 handel
4509 4674 102 31 wacht,
4629 4675 94 26 zoodra
4740 4676 27 25 in
4783 4676 119 27 AmeriV

4015 4723 181 27 voorstanders
4201 4728 51 20 van
4260 4715 110 37 vrijheid
4378 4723 48 19 van
4436 4714 105 27 verkeer
4552 4713 30 27 de
4593 4721 60 27 zege
4671 4713 111 27 behalen
4798 4714 28 26 in
4841 4715 103 25 hunne»

4013 4763 124 33 gelukkig
4153 4760 120 34 eindelijk
4294 4756 149 37 geopenden
4460 4754 81 34 strijd,
4565 4755 77 33 tegen
4669 4753 30 28 de
4717 4761 110 19 mannen
4845 4761 50 19 van
4912 4752 31 26 be-

4016 4802 146 32 scherming
4169 4811 32 17 en
4211 4808 50 19 van
4270 4800 81 32 hooge
4362 4795 107 28 rechten
4480 4795 54 26 dus.
4544 4795 53 26 Een
4606 4795 77 32 groot
4691 4793 57 28 deel
4756 4801 51 20 van
4824 4793 31 27 de
4871 4793 69 27 luste-

4015 4841 120 27 loosheid
4154 4848 51 19 van
4221 4840 50 26 den
4280 4837 96 28 handel
4391 4837 28 25 in
4436 4834 31 26 de
4483 4835 96 25 laatste
4592 4834 84 33 jaren,
4685 4834 70 26 moet
4762 4834 118 33 geweten
4890 4838 50 21 wor-

4015 4880 50 26 den
4090 4887 48 19 aan
4156 4880 31 25 de
4202 4878 110 32 sluiting
4328 4877 46 25 der
4394 4873 210 26 amerikaansche
4620 4873 119 26 markten
4757 4873 64 25 door
4840 4871 113 27 rechten,

4015 4919 41 26 die
4083 4919 53 25 met
4160 4918 98 26 verbod
4280 4915 78 34 gelijk
4384 4913 116 25 stonden.
4534 4912 53 25 Dat
4611 4912 130 33 machtige
4759 4906 197 30 verbruiksbjnd

4013 4958 60 25 trad
4091 4957 54 25 niet
4162 4956 39 25 als
4219 4959 106 25 vroeger
4342 4950 89 26 overal
4449 4958 39 22 op,
4509 4950 39 24 als
4567 4949 32 24 de
4607 4949 99 31 groote,
4721 4949 38 31 ja,
4778 4946 113 34 dikwijls
4912 4945 28 25 be-

4015 4994 122 27 slissende
4153 4994 103 30 kooper.
4283 4989 77 26 Eerst
4377 4985 176 26 verminderde
4572 4985 30 25 de
4620 4984 91 33 oorlog
4730 4993 31 18 en
4778 4985 63 26 toen
4856 4987 47 26 het
4910 4983 28 25 be-

4015 5031 150 27 schermend
4189 5028 100 30 stelsel,
4307 5027 31 25 de
4356 5024 155 32 koopmacht
4527 5024 45 25 der
4589 5023 79 26 natie.
4693 5023 92 26 Mocht
4807 5023 46 27 dat
4869 5017 85 34 stelsel

4015 5070 86 27 vallen
4117 5078 32 18 en
4166 5068 47 26 dus
4222 5075 46 19 een
4281 5065 71 34 bijna
4362 5062 142 35 onbeperkt
4512 5062 92 35 gebied
4613 5069 64 21 voor
4693 5062 91 37 geheel
4794 5062 47 26 den
4860 5056 93 34 handel

4013 5108 117 34 geopend
4150 5107 111 32 worden,
4279 5105 51 28 dan
4346 5104 119 27 wachten
4482 5111 46 20 ons
4546 5111 66 19 weer
4632 5104 80 35 tijden
4734 5112 50 19 van
4801 5105 92 33 groote
4916 5095 37 26 lc*

4013 5148 156 37 vendigheid
4185 5148 27 27 in
4228 5147 51 28 den
4293 5146 111 31 handel,
4417 5146 32 33 ja
4465 5145 138 30 bedreigen
4620 5151 46 17 ons
4684 5144 60 26 zelfs
4765 5144 27 26 in
4818 5144 50 26 den
4893 5140 47 27 fl»n-

4013 5199 69 26 vang
4097 5192 85 32 dagen
4198 5198 50 18 van
4265 5184 177 32 overmoedige
4457 5179 151 33 spekulatie,
4618 5187 41 19 eer
4676 5180 96 33 kooper
4796 5190 32 17 en
4847 5180 87 26 verko-

4013 5238 45 22 per
4082 5230 92 25 beiden
4191 5228 31 25 de
4239 5224 142 27 vereischte
4397 5219 72 24 maat
4485 5225 50 15 van
4552 5217 221 31 voorzichtigheid
4782 5216 102 27 hebben
4896 5219 27 25 h'
4924 5219 27 17 T'

4013 5274 117 18 wonnen.

4048 5303 67 24 Over
4139 5301 47 25 het
4204 5297 89 33 geheel
4318 5294 72 26 heeft
4416 5296 63 22 1863
4499 5293 96 26 ruimer
4611 5294 97 24 kansen
4729 5297 50 18 van
4796 5293 76 28 winst
4890 5295 60 26 vo°r

4016 5340 48 27 den
4076 5337 94 28 handel
4180 5330 211 39 opgeleverd.dan
4401 5329 86 32 menig
4496 5330 74 30 vorig
4576 5328 66 32 jaar.
4650 5327 39 25 De
4698 5328 172 32 groothandel
4879 5334 71 26 njogu

4016 5381 73 25 barre
4107 5379 80 33 tijden
4201 5373 103 28 hebben
4320 5368 143 31 doorleefd,
4481 5368 28 25 in
4520 5366 181 27 bescheidener
4716 5367 78 32 kring
4812 5368 48 34 zijn
4879 5372 71 27 zeker

4015 5419 63 26 door
4088 5418 132 33 menigeen
4228 5409 91 37 groote
4337 5406 150 26 voordcelen
4494 5404 117 27 behaald.
4629 5402 77 33 Moge
4715 5404 26 26 in
4754 5407 60 26 1870
4822 5406 30 28 de
4863 5405 73 33 bewij-

4016 5469 46 17 zen
4078 5464 115 26 gegeven
4201 5451 117 28 worden,
4330 5445 46 26 dat
4384 5445 31 25 de
4433 5445 120 31 ervaring
4569 5450 51 18 van
4636 5447 107 28 vroeger
4760 5445 103 34 geleerd
4881 5444 69 33 heel*

4015 5498 100 31 menige
4124 5496 56 32 klip
4193 5494 26 22 te
4235 5484 154 33 vermijden,
4408 5483 40 24 die
4460 5483 48 25 den
4519 5480 53 26 niet
4581 5487 57 18 zeer
4659 5480 197 37 scherpzienden
4873 5490 61 27 koop-

4015 5546 60 18 man
4091 5536 53 26 met
4161 5530 92 30 verlies
4271 5522 92 34 dreigt,
4382 5528 69 19 waar
4467 5519 35 34 hij
4513 5517 185 39 oppervlakkig
4708 5530 31 30 op
4748 5528 77 28 winst
4833 5523 117 33 rekende

4015 5577 74 26 Maar
4097 5582 74 19 mon
4180 5567 89 30 vooral
4274 5564 30 25 de
4311 5559 164 32 overtuiging
4483 5556 150 33 krachtiger
4642 5567 30 20 en
4682 5562 159 37 algemeener
4848 5565 100 28 worden

4016 5617 46 26 dat
4093 5615 48 25 hoe
4166 5606 146 32 onmisbaar
4331 5598 32 26 de
4389 5595 144 35 spekulatie
4554 5595 48 28 ook
4619 5606 74 32 moge
4710 5607 51 33 zijn
4778 5607 39 26 als
4833 5614 46 19 een
4896 5595 40 35 b*f-

4015 5656 77 25 boom
4115 5660 52 19 van
4185 5649 48 25 den
4251 5637 110 32 handel,
4378 5636 56 25 niet
4457 5634 94 33 daarop
4569 5635 34 38 bij
4630 5646 124 27 voorkeur
4770 5647 47 25 het
4834 5653 51 22 oog
4902 5642 46 25 v»n

4016 5696 47 26 den
4093 5689 141 30 handelaar
4257 5686 60 26 mag
4341 5673 133 35 gevestigd
4498 5673 65 35 zijn.!
4586 5680 91 32 Alleen
4694 5686 47 26 het
4756 5680 122 39 geregeld
4894 5680 41 22 ver-

4015 5735 61 25 keer
4083 5732 53 26 met
4146 5737 45 18 een
4196 5720 183 38 gedurigmeer
4388 5712 176 33 uitgebreiden
4572 5719 77 37 kring
4656 5732 50 18 van

4015 5773 50 26 kan
4083 5770 47 27 den
4148 5763 94 31 handel
4259 5766 32 25 op
4310 5754 50 25 den
4378 5751 66 25 duur
4461 5758 50 19 van
4526 5753 67 33 bloei
4610 5763 159 25 verzekeren.
4794 5756 39 32 Op
4851 5757 98 26 telken*

4015 5819 28 18 w,
4054 5804 171 32 derkeerende
4252 5794 124 28 winsten,
4406 5790 48 26 hoe
4479 5790 69 32 klein
4573 5800 51 26 dan
4642 5799 57 31 ook,
4715 5798 91 25 bouwe
4822 5803 59 20 men

4015 5852 67 25 hooi»
4108 5846 53 26 niet
4180 5850 33 25 op
4231 5833 89 31 enkele
4337 5830 91 32 groote
4447 5830 115 39 winsten,
4578 5845 122 20 waarvan
4715 5842 120 20 evenzeer
4852 5836 79 32 plotse-

4013 5890 70 25 linge
4096 5895 32 17 en
4146 5882 91 34 groote
4254 5870 126 31 verliezen
4397 5869 207 43 onafscheidelijk
4622 5877 57 32 zijn.
4713 5872 71 28 Juist
4800 5874 89 27 echter
4906 5876 39 25 oü»

4015 5928 59 26 dien
4089 5920 155 39 geregelden
4259 5921 32 19 en
4309 5907 129 35 gezonden
4461 5908 92 35 handel
4578 5919 27 24 te
4629 5914 145 34 verkrijgen
4799 5917 32 18 en
4854 5909 51 30 dan
4922 5913 26 24 te

4015 5966 142 27 behouden,
4174 5955 102 31 hebben
4291 5947 40 34 wij
4354 5954 87 26 wegen
4459 5957 50 21 van
4525 5954 184 35 gemeenschap
4724 5947 102 33 noodig,
4844 5947 27 26 te
4886 5944 59 34 land

4013 6014 31 18 en
4064 6006 26 24 te
4109 6001 89 26 water,
4215 5989 133 32 waardoor
4365 5986 45 25 het
4427 5989 104 30 verkeer
4546 5995 53 26 met
4617 5994 48 25 den
4677 5986 117 33 vreemde

4013 6039 149 33 liikcnsnel
4180 6035 126 35 gedreven
4323 6026 52 25 kan
4390 6030 110 27 worden.
4519 6033 52 27 Een
4589 6025 197 33 altoosdurende
4806 6020 123 39 beweging-

4012 6084 40 25 die
4070 6083 128 28 koopman
4215 6080 31 18 en
4264 6064 94 32 reeder,
4376 6066 130 30 makelaar
4520 6083 30 17 en
4566 6071 161 27 assuradeur,
4743 6064 154 26 zeevarende
4912 6066 31 18 <n

4012 6122 116 27 arbeider
4155 6116 100 27 telkens
4279 6105 97 27 nieuwe
4404 6106 188 37 gelegenheden
4617 6109 72 34 geeft
4713 6102 41 28 tot
4770 6099 69 25 werk
4857 6110 31 15 en
4903 6099 40 24 tot

4012 6162 77 26 winst
4113 6156 109 28 behalen
4254 6149 22 25 U
4309 6145 168 34 onmogelijk,
4501 6157 118 21 wanneer
4651 6144 56 28 niet
4739 6137 32 25 da
4804 6138 141 61 onpare

4012 6195 190 30 hulpmiddelen
4235 6183 106 31 daartoe
4375 6191 61 20 even
4474 6191 65 28 goed
4572 6188 50 33 zijn
4656 6183 40 26 als
4728 6181 67 34 die,_
4818 6181 126 26 waarover

4011 6201 63 66 ïne
4098 6231 178 32 mededingers
4298 6222 104 27 kunnen
4426 6224 155 31 beschikken
4623 6223 99 26 Binnen
4748 6217 65 22 we«n
4814 6221 40 31 lge
4867 6220 44 34 jar
4911 6221 31 20 en

4011 6250 83 50 ,Xn
4111 6274 41 26 wii
4170 6274 63 22 voor
4251 6262 47 28 het
4313 6260 105 30 verkeer
4434 6266 27 25 te
4478 6266 61 27 land
4556 6273 46 19 een
4607 6250 148 37 uitnemend
4768 6257 115 27 centrum

4011 6286 211 57 sZrbewegin*
4250 6299 159 35 verkrijgen,
4434 6312 71 20 maar
4527 6305 39 32 wij
4585 6298 100 28 hebben
4703 6298 51 28 nog
4769 6301 70 24 meer
4856 6299 69 28 wege
4928 6298 14 20 n

4011 6357 94 21 noodbr
4127 6353 48 25 dan
4193 6346 31 26 de
4244 6339 144 32 bestaand,-,
4406 6351 63 18 Iwar
4486 6351 60 20 OMe
4554 6335 91 37 groote
4652 6331 126 31 afnemers
4787 6337 27 26 in
4822 6332 106 31 Daitscb-

4011 6397 60 25 land
4096 6402 30 19 en
4154 6377 191 43 aangrenzends
4371 6380 87 35 rijken.
4485 6384 73 26 Maai'
4574 6371 124 33 dringend
4719 6372 99 31 hebben
4837 6372 40 34 wij
4896 6373 47 25 den

4011 6436 124 24 nieuwen!
4153 6428 138 27 waterweg
4307 6426 63 17 naar
4388 6430 40 18 zee
4449 6423 100 26 noodig.
4567 6420 31 19 en
4618 6411 50 26 dan
4684 6413 39 27 die
4742 6410 91 39 gr<»te
4851 6413 79 25 stooiD-

4024 6445 97 57 cnènen
4146 6462 96 33 vooral,
4259 6457 81 28 welke
4365 6457 48 31 den
4436 6456 97 32 handel
4550 6451 83 28 elders
4649 6461 45 21 zoo
4713 6448 110 39 rijkelijk
4839 6457 17 18 T
4858 6450 87 52 oede£

4011 6515 46 26 Die
4076 6514 67 28 hoop
4168 6501 86 33 worde
4281 6497 105 37 spoedig
4402 6510 32 17 en
4450 6501 135 26 volkomen
4604 6495 123 26 vervuld,
4743 6489 51 25 dan
4806 6491 86 26 wacht
4900 6484 45 30 on»

4011 6554 85 26 weder
4111 6555 60 22 eene
4185 6539 130 33 toekomst
4330 6546 63 21 even
4409 6534 139 41 glansrijk,
4565 6534 39 26 als
4619 6535 45 26 het
4683 6527 117 27 verleden
4818 6537 50 18 van
4885 6528 46 26 A*

4011 6593 112 25 sterdam
4141 6593 60 25 mag
4219 6578 124 38 genoemd
4358 6581 110 26 worden.
4486 6573 86 27 Bloeit
4589 6582 35 18 nu
4631 6567 73 31 reeds
4717 6576 60 19 onze
4789 6562 139 39 geldmarkt-

4011 6632 44 26 ten
4072 6631 60 26 bate
4217 6618 135 28 ontelbaar
4368 6620 73 25 velen
4463 6615 50 24 dan
4531 6614 39 24 zal
4585 6611 50 25 ook
4720 6593 229 74 goe«lerenha„^

4011 6679 66 18 weer
4095 6666 122 37 opluiken
4240 6667 32 19 en
4297 6658 48 26 den
4370 6666 71 21 roem
4456 6653 45 28 der
4518 6651 65 30 oude
4604 6647 154 30 handelstad
4774 6645 156 30 randhiW*

4011 6710 39 24 als
4069 6707 98 26 weleer.
