4512 6184
106 248 458 71 Fiat-fabriek
602 254 170 67 door

106 348 350 69 arbeiders
491 352 191 67 bezet

144 443 112 26 Enkele
282 443 172 27 honderden
481 444 152 28 arbeiders
658 455 60 19 van
742 448 38 26 de

107 477 67 26 Kat
208 478 340 30 autamobielfabrieken
581 481 59 32 zijn
674 483 91 31 gister-

106 514 100 25 avond
237 515 262 30 binnenigehroken
530 515 33 27 in
593 516 38 27 de
661 519 118 25 Rivalta

106 549 119 26 fabriek
248 553 28 24 te
298 552 112 34 Turijn,
449 554 93 26 nadat
580 555 37 25 de
656 555 123 25 directie

106 592 60 18 van
184 586 66 25 Kat
268 586 72 26 deze
357 586 119 26 fabriek
493 587 60 27 had
570 588 81 26 laten
671 591 107 24 sluiten

107 626 39 19 en
170 620 38 25 de
235 621 96 25 12.000
354 621 152 28 arbeiders
530 625 154 31 voorlopig
706 632 73 20 naar

106 656 69 25 huis
191 657 60 25 had
269 657 150 31 gestuurd.
438 658 35 26 In
490 658 38 27 de
546 658 118 27 fabriek
680 660 98 26 kwam

106 691 53 26 het
198 692 44 25 tat
281 700 57 18 een
378 692 204 33 handgemeen
622 698 61 25 met
723 704 56 19 een

105 728 124 30 groepje
261 728 154 28 arbeiders
446 729 51 27 die
530 730 65 26 rich
627 731 151 25 verzetten

106 762 89 31 telgen
222 762 38 27 de
289 764 156 32 bezetting.
472 765 69 27 Aan
568 765 87 28 bedde
683 767 97 31 zijden

105 797 120 26 wenden
250 800 106 27 enkele
380 808 148 24 personen
550 802 133 31 gewand.
710 802 51 26 Gis-

105 834 85 26 teren
224 834 60 27 had
318 835 38 26 de
390 835 124 28 directie
547 844 60 20 van
641 836 66 27 Kat
741 836 38 26 de

106 868 123 32 sluiting
249 878 60 19 van
330 872 38 26 de
389 872 119 27 Rivalta
528 872 119 27 fabriek
667 879 92 24 aange-

106 905 139 33 kondigd,
276 906 104 26 omdat
410 906 74 27 daar
514 907 63 27 niet
606 913 83 20 meer
719 908 59 24 kon

105 940 122 26 wonden
252 943 133 28 gewerkt
407 941 74 27 door
506 943 111 31 gebrek
641 951 57 18 aan
723 950 37 18 on-

105 976 150 27 derdelen.
286 978 58 26 Het
373 978 110 30 gebrek
511 984 57 20 aan
595 978 182 26 onderdelen

106 1018 70 22 was,
200 1011 84 26 aldus
305 1012 37 27 de
363 1012 131 31 directie,
515 1019 56 20 een
592 1013 105 30 gevolg
718 1020 58 19 van

105 1048 35 25 de
163 1049 106 25 talloze
291 1049 89 27 wilde
419 1050 156 31 stakingen
596 1050 48 26 die
667 1050 33 25 in
739 1050 37 26 de

104 1082 158 32 afgelopen
295 1082 148 27 maanden
476 1083 118 27 hebben
627 1084 132 31 plaatsge-

106 1117 129 25 vonden.

103 1193 112 39 Paus
231 1194 136 39 treedt
380 1196 87 37 niet
482 1195 46 38 af

138 1252 44 25 De
221 1253 119 25 recente
378 1254 188 30 mededeling
605 1263 59 18 van
703 1264 73 21 paus

100 1286 111 26 Paulus
230 1289 41 25 VI
291 1290 52 25 dat
361 1290 51 26 het
432 1291 69 24 eind
520 1297 59 18 van
598 1291 59 30 zijn
676 1291 99 26 missie

104 1323 63 25 niet
190 1330 53 19 ver
266 1331 83 18 meer
372 1325 32 24 af
428 1325 25 25 is
476 1325 142 26 betekent
641 1326 61 26 niet
726 1328 50 25 dat

100 1358 41 30 hij
172 1365 56 18 aan
256 1361 136 26 aftreden
420 1362 102 26 denkt.
549 1362 51 26 Dit
627 1362 83 26 heeft
737 1363 37 26 de

102 1395 176 26 Vaticaanse
309 1396 228 26 woordvoerder
568 1400 208 30 monseigneur

103 1429 136 26 Vallainc
273 1431 130 28 gisteren
438 1440 38 22 op
511 1434 58 28 zijn
604 1434 172 32 wekelijkse

100 1467 254 28 persconferentie
391 1468 31 25 in
458 1468 154 27 antwoord
648 1478 37 22 op
722 1478 54 19 een

100 1501 241 27 desbetreffende
360 1509 92 24 vraag
470 1505 167 27 verklaard.
657 1507 44 25 De
719 1513 35 25 op-

100 1538 137 30 merking
259 1538 81 31 sloeg
361 1546 38 24 op
422 1540 38 25 de
480 1541 76 30 hoge
576 1541 117 31 leeftijd
713 1551 59 18 van

100 1573 39 24 de
164 1580 83 24 paus,
274 1574 48 25 die
348 1576 31 24 in
405 1577 167 28 september
599 1578 33 25 72
658 1579 67 30 jaar
750 1580 25 24 is

100 1610 171 28 geworden.
298 1611 79 25 Voor
403 1611 119 26 iemand
547 1619 38 24 op
609 1613 116 31 leeftijd
752 1616 24 24 is

100 1644 52 26 dat
194 1652 56 18 een
289 1648 135 25 normale
465 1649 183 31 opmerking,
691 1650 85 26 aldus

99 1682 209 28 monseigneur
328 1682 143 27 Vallainc.

102 1748 132 40 Mevr.
250 1750 253 52 Manghakis
519 1766 122 38 gauw
651 1754 77 50 vrij

135 1808 61 25 Een
213 1808 125 26 militair
356 1809 52 26 hof
425 1818 59 18 van
503 1811 87 32 appèl
607 1813 33 24 in
657 1813 116 25 Athene

98 1843 84 26 heeft
213 1845 130 30 gisteren
374 1846 37 25 de
444 1848 144 30 45-jarige
620 1856 154 19 mevrouw

98 1879 188 31 Manghakis,
305 1881 175 30 echtgenote
497 1890 59 18 van
576 1885 149 30 professor
743 1885 31 25 in

100 1915 37 25 de
159 1916 348 32 rechtswetenschappen
531 1919 115 30 George
669 1920 85 31 Mang-

99 1950 97 30 hakis,
216 1952 45 24 tot
283 1952 41 25 elf
347 1954 149 26 maanden
517 1956 256 30 gevangenisstraf

100 1987 203 26 veroordeeld.
332 1988 41 31 Zij
403 1989 59 25 had
488 1991 110 30 gezegd
624 1993 52 26 dat
700 1993 73 25 haar

99 2028 71 18 man
206 2023 39 28 bij
282 2023 58 30 zijn
377 2024 217 32 ondervraging
630 2027 73 26 door
737 2028 37 25 de

98 2057 141 26 militaire
269 2059 103 30 politie
402 2067 63 19 was
493 2061 174 30 gemarteld.
698 2065 56 25 Oor-

99 2093 183 31 spronkelijk
315 2102 63 18 was
410 2102 154 20 mevrouw
595 2099 178 31 Manghakis

98 2130 44 25 tot
172 2130 64 26 vier
267 2130 66 31 jaar
364 2133 256 28 gevangenisstraf
651 2140 104 21 veroor-

100 2164 96 31 deeld,
229 2172 85 19 maar
347 2167 32 24 in
413 2169 143 30 augustus
589 2170 85 31 vorig
707 2171 66 30 jaar

98 2200 84 26 werd
203 2200 47 26 die
273 2203 74 25 straf
370 2202 28 26 al
419 2205 191 25 verminderd
632 2206 44 26 tot
697 2207 76 25 twee

99 2236 77 31 jaar.
211 2237 44 30 Zij
294 2237 98 27 wordt
426 2245 73 20 over
535 2239 105 27 enkele
678 2241 96 32 dagen

103 2272 185 30 vrijgelaten.

99 2340 215 40 Toestand
327 2343 165 50 prinses
509 2343 131 53 Sonja
653 2344 111 52 goed

133 2399 44 26 De
197 2400 111 25 Noorse
330 2400 209 32 kroonprinses
559 2404 92 31 Sonja
671 2405 102 25 maakt

98 2435 53 25 het
175 2435 84 31 goed,
285 2437 92 26 nadat
402 2437 35 32 zij
464 2439 130 30 gisteren
620 2447 54 18 een
698 2443 56 24 mis-

103 2469 105 28 kraam
231 2472 60 25 had
315 2473 104 30 gehad,
445 2480 33 19 zo
503 2474 26 26 is
552 2481 60 19 van
635 2474 38 27 de
698 2476 74 32 zijde

98 2513 59 19 van
181 2507 52 26 het
255 2507 53 26 hof
332 2510 198 30 meegedeeld.
555 2512 45 25 De
624 2513 148 30 32-jarige

98 2543 115 30 prinses
252 2545 183 26 verwachtte
471 2546 32 25 in
541 2546 119 31 januari
698 2548 74 26 haar

98 2578 97 26 eerste
222 2580 91 32 baby;
341 2580 35 32 zij
406 2581 136 27 trouwde
570 2583 31 25 in
630 2585 143 28 augustus

98 2615 67 24 1968
184 2616 64 25 met
266 2615 178 32 kroonprins
463 2617 112 27 Harald
594 2626 59 19 van
673 2619 77 27 Noor-

94 2655 115 24 wegen.

98 2717 216 41 Mansholt
327 2719 137 41 houdt
477 2720 230 41 landbouw

132 2777 45 25 De
203 2777 206 26 Nederlander
433 2779 44 26 dr.
504 2780 31 25 S.
560 2781 33 25 L.
620 2781 151 26 Mansholt

92 2811 83 31 blijft
190 2813 32 24 in
240 2813 37 25 de
294 2815 117 26 nieuwe
429 2815 148 31 Europese
594 2817 176 26 Commissie

92 2848 39 25 de
155 2849 178 31 portefeuile
357 2857 61 18 van
442 2851 162 26 landbouw
627 2852 141 33 beheren,

94 2891 34 17 zo
159 2884 89 30 blijkt
280 2885 45 25 uit
356 2885 38 26 de
424 2887 130 30 gisteren
585 2888 33 25 in
648 2890 122 25 Brussel

94 2919 276 32 bekendgemaakte
404 2922 235 32 taakverdeling.
671 2924 83 26 Presi-

94 2954 71 25 dent
189 2955 132 26 Maifatti
350 2957 115 30 (Italië)
491 2957 92 31 krijgt
606 2960 164 30 juridische

94 2991 93 25 zaken
217 2996 38 20 en
283 2991 162 31 veiligheid
474 3000 38 18 en
540 2993 37 26 de
604 2995 167 26 Fransman

92 3025 117 26 Deniau
240 3026 26 25 is
294 3026 98 27 belast
422 3030 63 24 met
516 3030 37 25 de
583 3030 184 27 coördinatie

92 3061 189 26 betreffende
311 3063 37 25 de
376 3063 295 32 onderhandelingen
698 3073 72 19 over

92 3094 193 33 uitbreiding.
335 3099 45 25 De
432 3100 118 26 nieuwe
601 3103 168 25 commissie

96 3132 97 25 wordt
216 3133 159 31 woensdag
399 3133 136 31 beëdigd.

93 3200 193 52 Dinsdag
299 3201 170 51 staking
481 3204 46 37 in
540 3203 119 39 Italië

129 3257 46 25 De
206 3257 64 26 drie
301 3259 162 26 Italiaanse
494 3259 257 30 vakbondsfedera-

96 3292 57 26 ties
176 3292 118 27 hebben
319 3294 133 26 officieel
477 3295 155 32 bevestigd
657 3298 52 26 dat
732 3298 37 32 zij

93 3334 74 20 voor
189 3330 145 33 volgende
356 3330 87 26 week
464 3331 125 32 dinsdag
611 3340 56 19 een
687 3333 66 31 alge-

93 3370 89 19 mene
207 3364 119 31 staking
350 3365 120 27 hebben
494 3367 202 33 uitgeroepen,
720 3376 48 19 om

96 3400 169 30 vergaande
286 3402 109 26 sociale
416 3409 38 22 en
475 3404 206 26 economische
700 3405 52 26 her-

93 3436 176 31 vormingen
287 3437 32 24 af
333 3438 31 24 te
380 3437 148 31 dwingen.
544 3441 59 25 Het
620 3441 98 26 wordt
733 3441 35 26 de

94 3471 91 26 derde
216 3472 154 30 algemene
399 3472 118 33 staking
548 3474 45 27 dit
620 3475 77 31 jaar.
725 3477 44 25 De

93 3506 180 27 vakbonden
302 3508 103 26 willen
435 3515 56 20 een
520 3510 85 26 beter
633 3513 117 30 woning-

94 3543 196 30 bouwbeleid,
352 3544 320 33 belastingherziening
731 3555 38 18 en

93 3578 230 32 hervormingen
343 3586 38 25 op
398 3580 53 26 het
468 3581 106 30 gebied
593 3589 60 19 van
671 3585 83 25 trans-

92 3614 77 31 port,
189 3615 268 31 gezondheidszorg
478 3624 38 19 en
536 3618 110 26 andere
667 3619 85 31 gebie-

92 3650 67 26 den.
187 3650 43 32 Zij
260 3651 111 25 vinden
397 3651 53 26 het
476 3653 45 25 tot
547 3653 143 27 dusverre
716 3661 35 24 ge-

92 3686 124 30 pleegde
235 3687 120 30 overleg
372 3689 63 25 met
452 3689 38 25 de
508 3690 261 31 regeringsleiders

96 3723 242 31 onbevredigend
373 3730 38 18 en
448 3724 60 30 zijn
542 3724 52 26 het
630 3728 139 25 evenmin

93 3764 71 20 eens
189 3761 61 22 met
275 3759 38 25 de
337 3759 118 25 nieuwe
478 3759 216 33 belastingwet,
719 3762 50 25 die

93 3801 56 20 een
185 3794 226 32 belastingvrije
446 3796 70 25 voet
553 3795 119 27 behelst
706 3804 60 19 van

92 3835 148 25 ongeveer
279 3831 70 25 4500
390 3830 122 32 gulden;
552 3831 37 26 de
628 3833 138 32 regering

94 3865 89 26 dacht
203 3872 58 19 aan
280 3866 69 26 3600
369 3866 112 31 gulden

93 3933 209 41 Dronken
320 3934 176 40 olifant:
516 3935 91 39 vier
624 3935 143 40 doden

129 3993 71 25 Vier
228 4000 139 24 mannen,
398 3993 48 26 die
476 4000 53 24 per
557 3994 109 26 olifant
693 4002 76 20 naar

93 4035 56 19 een
170 4028 124 26 bruiloft
314 4029 110 31 gingen
444 4030 32 24 in
496 4029 163 31 Islampoer
679 4030 32 25 in
731 4031 38 25 de

92 4063 117 27 Indiase
228 4064 78 27 staat
321 4064 90 27 Uttar
426 4065 133 31 Pradesj,
578 4067 59 30 zijn
653 4067 115 30 gedood

96 4100 69 26 toen
190 4100 37 26 de
252 4100 109 26 olifant
385 4101 32 25 in
441 4101 118 31 botsing
583 4100 102 26 kwam
707 4103 61 24 met

94 4143 56 18 een
183 4136 275 31 elektriciteitspaal
490 4143 35 19 zo
557 4136 26 26 is
615 4136 47 26 uit
694 4137 74 26 New

92 4172 89 25 Delhi
197 4172 126 31 gemeld.
341 4172 45 26 De
404 4172 66 26 vier
485 4178 131 20 mannen
633 4172 87 26 zaten
737 4173 32 25 in

93 4208 53 26 het
168 4208 150 26 tentzadel
340 4215 38 24 op
400 4208 37 26 de
458 4208 110 26 olifant
588 4209 31 25 te
641 4208 128 26 drinken

93 4250 40 19 en
157 4250 97 25 gaven
276 4244 38 25 de
337 4244 58 25 fles
417 4250 43 20 nu
482 4250 38 19 en
542 4243 59 26 dan
625 4250 58 19 aan
705 4244 64 26 hun

92 4280 248 30 vervoermiddel,
380 4280 92 30 opdat
514 4279 44 26 dit
598 4279 77 31 goed
715 4285 35 25 ge-

93 4315 117 26 smeerd
234 4315 89 26 bleef.
346 4315 196 31 Uiteindelijk
565 4322 63 19 was
651 4315 38 26 de
711 4315 43 26 oli-

92 4351 67 26 fant
178 4358 34 19 zo
233 4351 135 26 dronken
389 4351 52 26 dat
459 4351 41 30 hij
522 4358 39 22 op
580 4350 187 31 topsnelheid

96 4387 32 26 in
155 4387 37 26 de
217 4387 70 32 paal
314 4387 119 26 knalde.
459 4387 78 26 Deze
565 4387 76 25 brak
667 4393 38 19 en
732 4387 37 25 de

92 4422 313 32 electriciteitsleiding
433 4423 63 26 viel
523 4429 39 24 op
591 4422 38 26 de
657 4421 107 27 olifant

93 4466 39 19 en
157 4459 59 31 zijn
240 4459 154 31 berijders.
418 4459 45 26 De
488 4459 64 26 vier
574 4465 132 19 mannen
731 4465 35 19 en

93 4495 38 25 de
151 4495 107 26 olifant
278 4502 102 19 waren
399 4501 38 25 op
458 4495 64 31 slag
542 4494 78 26 dood
638 4494 73 26 door
731 4494 35 26 de

97 4531 120 25 stroom.

91 4599 118 39 Meer
222 4600 204 38 toeristen
438 4612 107 26 naar
556 4596 130 41 Israël

131 4658 37 25 In
196 4658 37 25 de
261 4658 96 26 eerste
385 4665 47 19 zes
458 4657 150 26 maanden
635 4663 60 20 van
724 4656 43 27 dit

90 4694 67 30 jaar
176 4694 118 26 hebben
311 4701 84 19 meer
411 4694 60 26 dan
490 4694 115 26 200.000
626 4691 141 27 toeristen

90 4729 94 26 Israël
209 4729 132 27 bezocht.
367 4731 59 25 Dat
451 4729 142 26 betekent
617 4735 56 20 een
698 4728 53 31 stij-

91 4766 70 30 ging
189 4773 60 18 van
279 4767 15 25 9
324 4767 125 30 procent
485 4765 178 32 vergeleken
703 4763 61 26 met

93 4800 135 26 dezelfde
249 4801 123 30 periode
392 4809 60 18 van
474 4802 84 28 vorig
579 4801 76 30 jaar.

151 4894 490 141 Egeltje
698 4893 347 116 strek
1100 4894 120 141 je

209 5087 35 30 g
265 5096 19 5 _
354 5075 285 32 Niettegenstaande
719 5075 50 25 het

168 5101 126 50 Q\\ft
356 5112 56 30 feit
439 5112 51 26 dat
516 5112 79 30 egels
624 5111 81 26 sinds
732 5111 37 25 de

157 5137 157 51 f___s^^^
359 5146 33 26 7e
411 5146 67 31 juni
500 5146 69 26 1919
592 5146 41 31 bij
654 5146 35 26 de
711 5146 58 25 wet

356 5181 124 27 worden
587 5180 182 33 beschermd,

177 5207 83 41 >*Q
356 5218 123 26 worden
535 5224 33 19 er
626 5216 143 32 dagelijks

357 5259 80 19 meer
461 5255 44 24 tot
527 5257 81 20 moes
632 5252 137 31 gereden.

149 5289 275 31 Stekelvarkentjes
458 5287 59 32 zijn
553 5287 67 26 heel
653 5288 115 28 nuttige

149 5329 97 26 kleine
268 5323 137 32 beestjes,
428 5322 47 26 die
496 5322 104 26 vooral
619 5322 22 26 's
663 5322 105 26 nachts

149 5359 152 35 bijzonder
326 5359 90 30 actief
439 5356 69 32 zijn.
533 5356 41 26 Ze
599 5356 170 25 scharrelen

149 5400 59 26 dan
235 5398 72 25 door
335 5395 35 25 de
400 5394 122 25 bermen
548 5399 83 19 waar
658 5399 33 19 ze
717 5398 33 19 ro-

149 5432 213 32 zenkevertjes,
380 5427 194 35 mestkevers,
592 5427 177 32 meikevers,

149 5473 187 28 grasrupsen,
377 5464 126 31 krekels,
543 5463 226 25 kakkerlakken

149 5511 38 20 en
208 5503 125 27 slakken
353 5499 149 32 proberen
522 5504 40 24 op
582 5498 31 25 te
635 5504 133 19 snorren.

149 5539 86 26 Maar
256 5537 43 32 ja,
322 5537 56 25 hoe
400 5536 70 30 gaat
494 5532 58 26 dat.
575 5531 53 26 Als
653 5532 37 26 de
712 5539 54 18 ene

151 5576 83 26 berm
252 5574 30 30 je
298 5571 64 26 niet
381 5569 100 27 bevalt
498 5567 83 27 steek
599 5567 30 30 je
648 5567 37 26 de
703 5574 65 24 weg

149 5616 72 20 over
247 5616 38 19 en
308 5606 141 32 probeert
476 5603 50 26 het
552 5607 70 22 eens
647 5609 58 19 aan
732 5602 37 27 de

149 5644 111 27 andere
281 5642 80 26 kant.
380 5640 54 27 Als
455 5639 50 26 het
523 5643 58 20 aan
601 5636 37 26 de
659 5636 110 26 andere

150 5680 72 26 kant
246 5679 58 25 ook
327 5675 69 26 niks
418 5675 35 32 is,
477 5673 97 27 steekt
596 5672 65 26 zon
686 5672 83 26 beest

149 5713 165 31 natuurlijk
340 5718 79 20 weer
445 5709 37 26 de
507 5714 64 25 weg
595 5713 81 20 over.
704 5707 65 26 Wat

149 5750 52 27 dat
224 5747 110 32 betreft
356 5745 60 33 zijn
437 5752 33 20 ze
494 5745 52 27 net
567 5750 34 20 zo
624 5744 145 25 rusteloos

150 5786 45 25 als
217 5783 270 27 amateur-vissers.
511 5779 66 25 Nou
600 5778 40 31 ja,
665 5785 38 18 en
725 5779 44 24 als

150 5820 30 30 je
196 5819 59 26 dan
272 5818 22 26 's
309 5823 138 25 morgens
463 5822 73 19 naar
553 5813 31 31 je
599 5812 83 26 werk
698 5811 71 32 rijdt

150 5856 44 25 zie
216 5855 31 30 je
269 5854 37 26 de
328 5850 194 33 platgereden
543 5848 209 26 stekelvarken-

150 5889 58 31 tjes
248 5889 105 30 liggen.
392 5887 86 26 Soms
519 5883 111 27 duiken
669 5883 100 30 vogels

152 5924 96 25 boven
269 5923 50 25 het
338 5922 76 26 dode
432 5921 83 25 beest
534 5924 37 19 en
588 5916 126 26 trekken
733 5916 35 26 de

152 5966 85 18 verse
261 5957 130 26 stukken
415 5956 81 26 vlees
520 5955 46 26 uit
589 5953 112 26 elkaar.
724 5953 45 25 De

827 5073 105 26 bruine
953 5073 130 24 naalden
1103 5073 59 31 zijn
1182 5074 195 31 platgereden
1400 5074 28 25 te-

823 5114 59 25 gen
908 5107 51 25 het
983 5107 133 30 wegdek.
1141 5107 90 27 Later
1257 5109 43 25 als
1326 5108 38 26 de
1389 5114 53 19 zon

824 5143 123 31 opkomt
972 5140 158 32 verdroogt
1155 5144 51 26 het
1231 5144 106 31 hoopje
1364 5144 78 26 vlees

826 5185 37 20 en
880 5178 22 25 's
920 5177 113 25 avonds
1051 5178 25 24 is
1095 5185 31 19 er
1143 5179 31 25 al
1189 5179 77 26 niets
1284 5184 83 21 meer
1384 5185 58 19 van

823 5219 81 20 over.
931 5211 86 26 Maar
1041 5213 60 25 wat
1123 5213 52 24 wil
1198 5213 40 31 je,
1263 5216 69 24 toen
1355 5220 34 19 ze
1413 5215 30 25 in

826 5248 69 26 1919
932 5246 52 26 dat
1018 5248 279 31 aanvullingswetje
1332 5256 39 24 op
1409 5249 33 26 de

823 5284 79 32 egels
927 5282 142 26 maakten
1091 5283 89 33 kreeg
1201 5284 32 32 je
1258 5285 86 26 lekke
1370 5285 54 28 ban-

824 5321 58 25 den
900 5326 59 19 van
977 5317 47 26 die
1043 5317 118 27 beesten
1179 5327 37 18 en
1233 5321 74 26 deed
1323 5321 30 30 je
1371 5321 71 25 alles

823 5361 51 20 om
891 5355 63 25 met
971 5353 35 26 de
1023 5353 70 30 fiets
1109 5355 65 25 zon
1192 5355 97 26 kleine
1306 5356 119 25 scharre-

826 5391 63 26 laar
915 5389 31 25 te
972 5387 172 32 ontwijken.
1173 5389 53 26 Als
1253 5391 31 30 je
1311 5398 33 18 er
1372 5396 70 20 over

826 5426 76 26 heen
919 5422 71 26 reed
1009 5422 69 31 hing
1098 5424 40 30 hij
1157 5426 61 25 met
1237 5426 58 31 zijn
1313 5426 113 31 venijni-

823 5467 37 25 ge
878 5465 119 26 pennen
1016 5465 58 19 aan
1093 5459 35 26 de
1148 5459 79 26 band
1245 5467 38 18 en
1300 5463 96 24 moest
1414 5461 28 30 je

823 5498 45 24 tot
893 5494 34 26 de
953 5493 222 30 eerstvolgende
1199 5496 175 31 fietsmaker
1400 5497 28 25 lo-

823 5537 67 25 pen.
913 5529 47 26 Nu
980 5529 71 25 niet.
1072 5528 37 26 Je
1129 5530 98 26 merkt
1250 5531 48 26 het
1319 5537 123 25 gewoon

824 5567 63 24 niet
913 5570 69 19 eens
1007 5563 44 25 als
1076 5563 30 30 je
1133 5570 32 19 er
1189 5567 148 25 overheen
1363 5567 79 30 rijdt.

823 5601 85 26 Maar
931 5598 122 31 volgens
1076 5597 118 28 de-wet
1214 5601 26 26 is
1261 5601 51 28 het
1333 5602 91 27 verbo-

826 5636 57 25 den
912 5635 78 31 egels
1018 5635 30 24 te
1076 5641 117 24 vangen
1220 5635 33 33 of
1279 5639 30 24 te
1337 5637 105 30 doden,

824 5669 90 31 tenzij
934 5670 63 24 met
1020 5675 56 19 een
1097 5669 195 32 schriftelijke
1316 5672 109 26 machti-

824 5707 69 30 ging
920 5711 59 20 van
1005 5709 93 19 onzen
1124 5707 197 25 commissaris
1349 5708 31 24 in
1408 5707 34 25 de

823 5740 161 32 provincie.
1003 5739 76 32 Nou,
1096 5746 33 19 ze
1146 5747 107 25 mogen
1272 5743 65 25 elke
1357 5744 69 25 auto-

823 5777 132 26 mobilist
974 5776 57 25 wel
1051 5781 54 18 een
1124 5776 194 32 schriftelijke
1339 5779 83 24 mach-

824 5812 93 30 tiging
940 5810 201 26 verstrekken.
1163 5811 161 26 Misschien
1345 5813 25 24 Is
1395 5812 47 25 het

823 5846 58 25 ook
914 5845 58 25 wel
1006 5844 149 32 mogelijk,
1191 5846 252 27 verkeersborden

826 5883 83 27 langs
935 5880 35 26 de
998 5885 63 24 weg
1088 5882 28 24 te
1141 5881 135 30 plaatsen
1300 5887 61 21 met
1388 5889 54 19 een

824 5916 107 32 egeltje
974 5922 79 22 erop.
1096 5916 222 31 „Overstekend
1363 5919 79 25 klein

826 5952 94 26 wild."

834 253 352 84 Premier
1238 253 226 87 komt
1515 273 230 96 terug
1798 282 104 86 op

823 403 461 118 uitlatingen
1368 406 562 86 defensiecrisis

840 600 187 115 De
1080 600 328 161 Jong
1462 600 536 120 ontkent

837 813 867 159 tegenstelling
1757 827 426 104 tussen

837 1018 366 120 beide
1260 1024 888 158 verklaringen

879 1239 51 32 Na
954 1239 110 43 afloop
1087 1252 61 20 van
1172 1240 57 32 het
1251 1241 180 41 wekelijkse
1455 1244 35 31 ka-

834 1283 227 34 binetsberaad
1080 1284 90 33 heeft
1186 1285 321 40 minister-president

835 1329 33 30 P.
887 1330 26 39 J.
932 1330 31 31 S.
980 1330 41 31 de
1039 1330 80 39 Jong
1137 1341 60 20 een
1215 1330 206 40 schriftelijke
1439 1343 52 19 ver-

835 1370 124 44 klaring
977 1375 202 40 uitgegeven,
1196 1375 119 30 waarin
1333 1374 44 41 hij
1395 1375 112 33 enkele

835 1416 230 41 opmerkingen
1091 1417 106 31 maakt
1222 1428 78 21 naar
1324 1419 183 41 aanleiding

836 1472 60 20 van
924 1461 41 32 de
991 1461 152 32 discussie
1169 1461 80 32 rond
1274 1461 41 32 de
1343 1463 76 31 rede
1444 1475 61 20 van

835 1505 83 40 prof.
941 1506 46 31 dr.
1012 1506 34 31 L.
1072 1505 40 32 de
1134 1506 81 40 Jong
1238 1517 76 21 over
1336 1506 41 32 de
1398 1507 90 32 kwali-

834 1551 58 28 teit
918 1559 61 20 van
1005 1548 54 32 het
1084 1548 324 43 defensie-apparaat.
1455 1553 51 30 De

834 1591 83 32 tekst
933 1604 60 19 van
1012 1593 40 30 de
1070 1592 178 41 verklaring
1264 1605 61 20 van
1342 1594 43 32 de
1400 1597 89 30 minis-

834 1635 226 38 ter-president
1075 1636 93 32 luidt:

872 1706 60 30 „De
959 1704 111 26 indruk
1097 1704 24 27 is
1150 1706 144 31 ontstaan,
1351 1706 51 27 dat
1433 1706 73 31 mijn

831 1741 156 25 antwoord
1024 1748 58 18 aan
1117 1741 52 26 het
1207 1741 298 28 Tweede-Kamerlid

834 1775 152 25 Goedhart
1018 1782 38 18 en
1088 1776 37 25 de
1156 1782 39 24 op
1230 1776 32 25 19
1292 1778 67 30 juni
1391 1778 31 26 in
1454 1783 51 20 uw

833 1811 120 25 midden
973 1817 131 24 gegeven
1123 1812 110 25 reactie
1253 1818 38 25 op
1310 1813 38 25 de
1367 1814 71 25 rede
1456 1814 48 25 die

833 1845 77 31 prof.
940 1845 45 26 De
1013 1845 78 31 Jong
1120 1846 87 25 dezer
1235 1847 96 30 dagen
1362 1848 32 25 in
1423 1848 83 25 Delft

834 1881 81 25 heeft
945 1881 163 31 gehouden,
1137 1883 61 25 met
1227 1881 103 26 elkaar
1358 1883 32 26 in
1420 1884 85 31 strijd

834 1917 112 24 zouden
966 1917 66 30 zijn.
1055 1916 34 25 Ik
1109 1923 61 24 zou,
1194 1923 33 18 zo
1246 1918 26 24 is
1292 1919 117 30 gezegd,
1429 1919 74 30 mijn

831 1951 122 30 mening
971 1958 72 18 over
1059 1951 50 26 die
1127 1951 71 26 rede
1217 1952 150 26 sindsdien
1387 1954 116 26 hebben

834 1985 163 31 gewijzigd.
1018 1987 34 25 Ik
1075 1985 110 26 ontken
1206 1988 51 25 dat
1278 1988 111 26 beslist.
1411 1989 34 24 In
1468 1990 37 24 de

833 2022 143 25 discussie
1003 2028 71 19 over
1102 2022 71 26 deze
1201 2023 71 25 zaak
1300 2024 117 27 hebben
1446 2031 59 19 van

833 2059 79 25 meet
939 2057 30 25 af
996 2065 56 18 aan
1077 2057 76 26 twee
1179 2057 167 26 elementen
1370 2057 135 27 centraal

835 2092 131 30 gestaan:

833 2151 34 34 O
902 2153 38 25 de
976 2152 159 32 instelling,
1168 2152 38 27 de
1238 2152 176 31 gezindheid
1446 2159 59 19 van

833 2189 164 31 sommigen
1012 2189 52 26 ten
1080 2189 135 31 opzichte
1232 2197 59 18 van
1306 2196 74 20 onze
1396 2191 89 24 defen-

833 2223 44 26 sie
894 2223 46 26 als
959 2223 159 27 onderdeel
1136 2231 60 19 van
1214 2224 45 26 de'
1272 2226 213 30 gemeenschap-

831 2258 111 31 pelijke
965 2259 326 30 NAVO-verdediging.

831 2319 34 32 O
902 2320 58 27 Heit
979 2320 240 26 waairdeoordeel
1234 2326 74 20 over
1324 2321 40 25 de
1382 2321 122 30 huidige

831 2355 145 27 kwaliteit
994 2363 60 19 van
1072 2362 54 19 ons
1144 2356 304 30 defensie-apparaat.

1600 1243 80 25 Over
1703 1241 94 31 beide,
1821 1241 74 26 door
1918 1241 77 31 prof.
2020 1241 45 26 De
2087 1243 78 31 Jong
2190 1244 44 24 ter

1564 1278 106 30 sprake
1690 1276 159 31 gebrachte
1870 1273 168 28 elementen
2056 1276 58 27 heb
2134 1278 31 25 ik
2183 1277 51 30 mij

1563 1312 92 26 zowel
1675 1319 37 24 op
1734 1312 32 25 19
1785 1312 66 30 juni
1870 1311 45 26 als
1935 1312 31 25 in
1984 1312 74 32 mijn
2079 1312 155 26 antwoord

1563 1349 48 25 dd.
1636 1348 34 25 26
1694 1348 66 30 juni
1783 1355 59 17 aan
1865 1346 38 25 de
1928 1348 72 24 heer
2024 1348 152 26 Goedhart
2203 1349 30 25 in

1563 1383 107 31 gelijke
1694 1383 46 26 zin
1762 1382 172 30 uitgelaten.
1958 1382 66 25 Ook
2046 1389 40 24 op
2112 1383 32 24 19
2169 1383 65 30 juni

1563 1419 57 25 heb
1638 1419 30 25 ik
1685 1417 216 30 uitdrukkelijk
1919 1417 109 30 gezegd
2046 1417 52 26 het
2115 1426 71 18 eens
2204 1420 30 25 te

1564 1454 57 30 zijn
1644 1454 61 24 met
1728 1452 77 31 prof.
1830 1453 44 25 De
1896 1452 79 31 Jong
1998 1459 141 19 wanneer
2163 1453 71 26 deze

1563 1489 78 30 wijst
1674 1495 38 24 op
1746 1488 50 26 het
1828 1488 405 31 NAVO-bondgenootschap

1564 1531 35 18 en
1623 1531 83 18 waar
1727 1524 40 31 hij
1793 1524 70 24 stelt
1883 1522 53 25 dat
1956 1522 51 31 wij
2031 1530 38 24 op
2092 1522 44 25 dit
2158 1525 76 28 punt

1564 1559 93 30 lering
1681 1559 122 25 kunnen
1827 1558 126 26 trekken
1978 1558 45 26 uit
2048 1558 38 25 de
2112 1559 122 25 historie

1566 1593 89 31 (punt
1677 1593 41 30 1).
1737 1593 35 26 Ik
1792 1593 58 25 heb
1870 1593 45 25 dit
1936 1593 28 25 in
1984 1593 74 30 mijn
2079 1593 155 26 antwoord

1563 1637 57 17 aan
1638 1630 38 24 de
1694 1630 71 24 heer
1785 1629 151 25 Goedhart
1955 1628 151 26 herhaald.

1598 1689 45 28 Op
1671 1689 37 27 de
1739 1688 253 30 persconferentie
2020 1695 59 20 van
2107 1689 33 26 19
2169 1689 65 28 juni

1561 1724 228 25 concentreerde
1814 1724 38 25 de
1877 1723 143 26 discussie
2043 1724 65 24 zich
2133 1723 100 26 echter

1560 1761 104 24 vooral
1689 1767 39 22 op
1753 1761 76 27 punt
1854 1761 26 24 2:
1907 1761 52 24 het
1983 1757 248 30 waardeoordeel!

1560 1801 72 19 over
1656 1794 35 26 de
1715 1793 145 27 kwaliteit
1884 1800 59 19 van
1967 1800 54 19 ons
2043 1794 171 30 defensieap-

1561 1832 113 26 paraat.
1695 1831 138 26 Daarvan
1852 1830 59 25 heb
1930 1830 33 25 ik
1982 1831 69 24 toen
2070 1830 109 28 gezegd
2197 1844 37 5 —

1561 1865 79 26 zoals
1663 1865 32 25 ik
1715 1865 113 26 daarna
1850 1866 58 25 ook
1929 1865 31 25 in
1982 1864 73 27 mijn
2080 1864 154 26 antwoord

1561 1907 56 18 aan
1642 1900 35 25 de
1702 1902 72 22 heer
1795 1899 154 26 Goedhart
1971 1900 58 24 heb
2054 1899 113 28 gesteld
2191 1899 43 28 —.

1563 1936 51 25 dat
1635 1936 30 24 ik
1685 1943 38 20 op
1743 1936 52 24 dat
1814 1936 77 27 punt
1910 1936 63 25 met
1991 1935 77 28 prof.
2089 1936 44 22 De
2154 1935 77 28 Jong

1560 1977 59 18 van
1644 1970 120 28 mening
1791 1969 130 26 verschil
1946 1976 37 19 en
2009 1976 57 19 een
2092 1969 123 30 vergelij-

1560 2004 72 30 king
1648 2006 61 25 met
1727 2004 69 25 1940
1812 2004 104 25 beslist
1931 2011 60 18 van
2008 2004 37 25 de
2061 2004 79 25 hand
2158 2004 73 30 wijs.

1597 2067 109 26 Omdat
1728 2067 31 25 in
1780 2067 38 25 de
1840 2066 168 31 publiciteit
2029 2066 52 26 het
2102 2066 130 25 verschil

1560 2108 60 19 van
1650 2101 122 31 mening
1800 2102 63 25 met
1892 2101 77 31 prof.
2001 2100 45 26 De
2074 2100 78 31 Jong
2184 2100 50 26 ten

1561 2137 120 26 aanzien
1722 2144 60 18 van
1820 2137 38 25 de
1897 2135 148 28 kwaliteit
2082 2144 60 18 van
2181 2137 52 25 het

1560 2171 296 32 defensie-apparaat
1891 2171 59 26 wel
1984 2172 61 26 wat
2080 2176 53 25 erg
2167 2171 67 26 veel

1559 2207 118 26 nadruk
1701 2207 60 25 had
1783 2206 156 31 gekregen,
1963 2206 59 25 heb
2047 2205 33 26 ik
2102 2206 32 25 in
2158 2206 77 31 mijn

1560 2243 155 26 antwoord
1744 2250 58 18 aan
1831 2242 39 25 de
1898 2242 72 25 heer
2002 2242 151 25 Goedhart
2183 2242 52 25 het

1559 2278 104 25 accent
1689 2278 60 25 wat
1774 2283 83 19 meer
1883 2276 106 32 gelegd
2014 2283 39 25 op
2079 2276 52 26 het
2157 2277 77 31 punt

1561 2319 120 24 waarop
1706 2313 32 24 ik
1759 2313 52 25 het
1833 2319 71 19 eens
1924 2311 60 26 ben
2006 2311 63 26 miet
2089 2311 78 31 prof.
2190 2311 45 25 De

1559 2348 86 30 Jong.
1681 2348 66 25 Van
1781 2347 200 31 tegenspraak
2015 2348 32 24 of
2082 2354 60 19 van
2178 2354 57 18 een

1559 2382 96 26 ander
1677 2381 156 32 opvatting
1857 2381 60 26 kan
1942 2380 103 28 beslist
2069 2380 63 27 niet
2157 2385 59 20 wor-

1560 2418 58 25 den
1637 2417 175 30 gesproken.

1561 2493 193 38 Minister
1768 2500 146 41 vraagt
1928 2493 143 38 advies

1560 2582 369 91 Uitkering
1967 2608 137 41 van

1560 2706 266 85 „oude"
1852 2706 356 70 invaliden

1557 2831 385 93 optrekken

1592 2952 141 26 Minister
1765 2950 148 26 Roolvink
1950 2950 130 30 (Sociale
2114 2950 115 28 Zaken)

1558 2996 53 25 wil
1635 2996 109 24 komen
1767 2995 44 25 tot
1833 3001 56 19 een
1911 2994 181 30 optrekking
2113 3000 59 19 van
2197 2995 35 24 de

1558 3040 193 28 uitkeringen
1776 3046 60 19 van
1865 3039 35 25 de
1930 3039 198 28 zogenaamde
2157 3039 77 25 oude

1558 3085 162 26 invaliden,
1750 3083 48 27 die
1826 3083 249 28 achtergebleven
2105 3083 63 28 zijn
2191 3083 43 28 bij

1557 3130 37 26 de
1611 3129 189 27 uitkeringen
1820 3128 161 25 krachtens
2000 3128 35 25 de
2054 3128 67 24 Wet
2139 3133 39 22 op
2197 3126 37 25 de

1558 3170 377 32 Arbeidsongeschiktheid
2004 3170 130 31 (WAO),
2202 3177 34 18 zo

1558 3219 92 30 "blijkt
1676 3219 45 25 uit
1747 3217 59 31 zijn
1832 3216 255 28 adviesaanvraag
2113 3221 58 20 aan
2197 3215 37 26 de

1559 3261 345 28 Sociaal-Economische
1924 3260 91 26 Raad.
2034 3261 46 25 De
2099 3260 136 25 minister

1560 3308 135 27 verheelt
1720 3307 64 27 niet
1808 3307 52 26 dat
1885 3313 57 19 een
1969 3305 181 30 aanpassing
2173 3311 63 19 van

1560 3353 39 25 de
1622 3352 191 28 uitkeringen
1835 3357 61 19 van
1920 3348 37 26 de
1982 3348 77 26 oude
2082 3347 154 27 invaliden

1556 3398 32 26 in
1607 3398 37 26 de
1664 3397 133 30 praktijk
1815 3396 63 25 niet
1898 3393 203 31 gemakkelijk
2119 3393 35 25 is.
2173 3392 60 26 Het

1557 3443 128 26 bestand
1703 3443 60 24 van
1786 3439 35 27 de
1844 3438 148 31 categorie
2014 3437 112 32 „oude"
2146 3437 70 26 inva-

1557 3488 83 26 liden
1663 3487 26 26 is
1713 3494 34 18 zo
1769 3485 181 28 heterogeen
1971 3490 61 19 van
2056 3483 157 25 samenstel-

1564 3533 70 28 ling,
1670 3531 52 25 dat
1757 3530 52 25 het
1845 3528 182 31 onmogelijk
2061 3528 26 26 is
2124 3534 38 22 op
2198 3528 37 24 de

1558 3576 190 30 uitkeringen
1773 3582 59 18 van
1857 3575 35 25 de
1917 3574 104 30 gehele
2046 3580 91 22 groep
2161 3580 53 19 een-

1558 3622 98 25 zelfde
1677 3620 164 30 verhoging
1864 3620 48 27 toe
1933 3620 30 25 te
1984 3625 117 24 passen.

1578 3696 35 25 In
1633 3694 58 26 mei
1713 3694 92 30 heeft,
1827 3693 79 25 zoals
1926 3691 125 32 gemeld,
2075 3691 38 26 de
2134 3690 83 26 Stich-

1557 3731 65 31 ting
1638 3737 60 19 van
1715 3730 37 26 de
1767 3728 115 27 Arbeid
1898 3735 54 19 een
1971 3726 142 26 verdeeld
2131 3725 103 26 advies

1559 3765 190 32 uitgebracht
1770 3770 72 20 over
1865 3763 72 26 deze
1959 3763 81 26 zaak.
2082 3763 64 25 Een
2167 3761 66 26 deel

1558 3808 63 20 van
1636 3802 52 25 het
1704 3802 124 25 bestuur
1844 3806 61 19 van
1920 3798 39 26 de
1976 3797 141 31 stichting
2133 3797 100 25 meent

1558 3837 53 33 dat
1642 3837 148 30 tegemoet
1821 3835 80 25 moet
1932 3833 124 27 worden
2089 3833 144 28 gekomen

1560 3879 58 20 aan
1639 3872 37 26 de
1697 3878 81 20 wens
1800 3878 61 19 van
1880 3875 58 20 een
1959 3868 99 26 aantal
2080 3867 137 31 organisa-

1558 3908 58 25 ties
1644 3914 40 19 en
1711 3904 157 28 instanties
1898 3912 50 19 om
1977 3902 37 28 de
2043 3902 190 30 uitkeringen

1558 3951 61 18 van
1636 3943 37 25 de
1691 3941 241 26 ex-Interimwet
1950 3938 269 33 liyvaliditeitstrek-

1559 3979 69 25 kers
1646 3978 61 26 met
1724 3978 111 30 ingang
1853 3983 60 19 van
1933 3977 12 24 1
1965 3973 56 32 juli
2041 3976 69 24 1971
2128 3979 59 19 aan
2203 3971 31 26 te

1558 4019 107 25 passen
1693 4019 58 19 aan
1775 4012 38 25 de
1839 4010 191 30 uitkeringen
2055 4017 60 19 van
2144 4009 71 28 dege-

1556 4056 69 26 nen,
1664 4056 40 24 op
1743 4049 58 26 wie
1824 4048 90 27 thans
1952 4046 39 26 de
2014 4048 60 26 wet
2113 4052 39 24 op
2193 4045 38 25 de

1557 4082 364 32 arbeidsongeschiktheid
1962 4089 60 18 van
2062 4081 170 31 toepassing

1557 4121 34 26 is.
1619 4121 61 24 Een
1707 4117 163 32 dergelijke
1898 4116 178 32 aanpassing
2102 4116 46 25 zal
2176 4122 57 19 een

1557 4154 164 31 verhoging
1742 4160 39 20 an
1802 4154 37 26 de
1860 4153 221 31 WAO-premie
2101 4149 111 27 noodza-

1557 4191 96 31 kelijk
1672 4188 117 27 maken.
1812 4189 40 26 Of
1871 4195 57 20 een
1949 4187 180 32 aanpassing
2147 4187 67 26 tech-

1557 4226 84 26 nisch
1665 4225 193 26 uitvoerbaar
1883 4224 26 27 is
1933 4225 93 28 hangt
2052 4224 104 25 vooral
2180 4228 33 19 sa-

1557 4269 70 18 men
1646 4261 64 25 met
1729 4260 38 25 de
1788 4265 92 26 vraag
1900 4259 33 26 of
1952 4259 39 26 de
2011 4258 92 32 juiste
2122 4258 109 30 hoogte

1557 4303 60 20 van
1635 4296 52 26 het
1706 4297 70 25 loon
1793 4294 52 28 dat
1863 4294 38 26 de
1920 4294 204 26 betrokkenen
2143 4293 33 25 in
2193 4292 37 26 de

1556 4331 109 25 laatste
1678 4330 279 31 dienstbetrekking
1972 4336 74 20 voor
2063 4330 64 26 hun
2143 4330 71 25 inva-

1556 4365 110 26 liditeit
1696 4365 191 32 verdienden,
1920 4370 59 26 nog
2011 4371 39 24 op
2083 4363 145 32 enigszins

1557 4400 227 28 verantwoorde
1809 4402 85 30 wijze
1920 4402 31 26 te
1978 4398 194 28 achterhalen
2197 4400 34 26 is.

1558 4513 206 57 Duitser
1801 4526 132 39 moet
1969 4513 553 71 anti-Brandt-rapport
2558 4515 306 52 overmaken

1554 4630 194 137 Vijf
1800 4648 398 119 procent
2250 4663 231 65 voor
2538 4628 252 139 leger

1556 4789 291 141 geëist
1900 4789 104 98 in
2057 4787 446 100 resolutie

1552 4983 230 63 voor
1835 4945 819 100 Navo-assemblee

1584 5098 44 25 De
1649 5096 265 26 Navo-assemblee
1936 5096 47 26 die
2006 5102 58 20 van
2086 5095 17 25 6
2125 5096 44 26 tot
2190 5095 32 25 11

1546 5141 163 26 november
1744 5141 31 26 in
1811 5141 133 28 plenaire
1980 5140 105 28 zitting
2119 5140 31 25 in
2185 5140 37 25 de

1545 5186 117 27 Haagse
1697 5185 167 26 ridderzaal
1899 5184 99 30 bijeen
2034 5184 46 25 zal
2115 5184 106 26 komen

1545 5231 79 24 moet
1643 5229 64 25 zich
1727 5229 171 30 uitspreken
1917 5236 71 19 over
2008 5235 56 19 een
2082 5228 139 26 resolutie

1546 5272 113 26 waarin
1682 5272 93 26 onder
1798 5274 52 26 het
1871 5272 94 26 motto
1990 5271 87 30 „Five
2101 5272 120 28 percent

1545 5319 47 25 for
1605 5316 12 27 -
1630 5317 150 25 freedom"
1819 5324 58 19 aan
1915 5317 58 25 alle
2010 5316 210 25 Navo-landen

1545 5362 149 28 gevraagd
1731 5361 45 24 zal
1812 5361 122 26 worden
1970 5360 161 26 tenminste
2165 5360 57 30 vijf

1545 5406 122 30 procent
1693 5412 59 19 van
1779 5406 61 24 hun
1867 5404 257 26 bruto-nationaal
2151 5411 51 21 pro-

1545 5448 76 26 dukt
1645 5450 30 25 te
1701 5450 183 26 bestemmen
1911 5454 73 20 voor
2010 5448 194 25 defensie-uit-

1544 5498 105 24 gaven.
1674 5492 45 26 De
1742 5493 141 25 militaire
1907 5492 167 26 commissie
2099 5499 59 18 van
2184 5493 37 25 de

1545 5536 172 30 assemblee,
1746 5537 47 25 die
1819 5543 104 19 samen
1949 5538 63 24 met
2039 5543 54 18 een
2120 5538 100 24 aantal

1547 5580 110 26 andere
1677 5580 183 27 commissies
1877 5581 72 26 deze
1969 5580 85 26 week
2073 5578 32 26 in
2125 5580 73 26 Brus-

1544 5624 43 25 sel
1606 5623 81 26 heeft
1708 5624 174 30 vergaderd,
1900 5624 26 26 is
1945 5624 63 25 met
2027 5623 51 25 het
2096 5626 124 27 concept

1547 5674 59 18 van
1629 5668 70 24 deze
1721 5667 139 26 resolutie
1883 5668 133 25 akkoord
2037 5672 123 24 gegaan.

1580 5728 129 26 Namens
1727 5730 38 26 de
1781 5728 142 32 politieke
1941 5727 167 27 commissie
2126 5728 45 26 zal
2189 5728 30 26 in

1545 5764 65 25 Den
1651 5764 83 31 Haag
1775 5771 56 19 een
1871 5764 123 31 rapport
2034 5763 187 31 uitgebracht

1545 5799 128 30 worden,
1701 5799 111 27 waarin
1838 5799 92 26 onder
1956 5805 81 19 meer
2062 5799 38 25 de
2126 5800 74 24 nood-

1545 5833 73 25 zaak
1657 5833 236 26 onderschreven
1936 5833 96 26 wordt
2072 5841 58 19 van
2171 5833 50 27 het

1547 5868 174 28 versterken
1747 5876 58 19 van
1831 5870 37 26 de
1891 5867 133 27 zuidoost
2048 5869 85 25 flank
2158 5876 59 19 van

1545 5903 39 25 de
1610 5903 92 27 Navo.
1731 5904 78 25 Voor
1838 5906 48 25 die
1916 5904 185 30 versterking
2130 5906 91 26 denkt

1545 5944 66 19 men
1636 5940 104 24 vooral
1765 5947 54 18 aan
1845 5947 53 18 een
1924 5937 180 32 duidelijker
2127 5940 73 24 mari-

1546 5973 89 25 tieme
1667 5974 217 30 aanwezigheid
1917 5981 58 18 van
2007 5974 51 26 het
2089 5974 112 31 bondge-

1544 6008 170 32 nootschap,
1755 6008 50 27 die
1845 6009 45 26 tot
1930 6008 195 32 uitdrukking
2165 6017 56 20 zou

2276 5100 118 24 moeten
2419 5099 107 26 komen
2551 5099 31 26 in
2606 5106 54 19 een
2685 5098 185 31 versterking
2895 5106 57 19 van

2274 5132 38 26 de
2330 5133 115 25 Turkse
2464 5134 124 24 marine.

2313 5211 43 26 De
2389 5213 103 25 Duitse
2526 5212 319 27 christen-democraat
2881 5213 53 26 Blu-

2277 5246 142 32 menfeld,
2443 5248 47 26 die
2512 5249 32 25 in
2569 5248 143 31 opdracht
2735 5255 59 19 van
2817 5250 37 25 de
2876 5251 61 30 poli-

2276 5283 79 26 tieke
2376 5285 167 26 commissie
2565 5291 54 19 een
2640 5287 124 28 rapport
2785 5285 58 26 had
2864 5293 71 19 voor-

2280 5319 107 32 bereid,
2407 5321 81 30 heeft
2507 5321 73 26 daar
2601 5322 111 24 binnen
2732 5321 37 25 de
2786 5323 165 25 commissie

2276 5357 130 28 ernstige
2437 5357 231 31 moeilijkheden
2699 5363 65 19 mee
2796 5357 156 31 gekregen.

2276 5392 35 26 In
2353 5393 50 27 het
2443 5393 159 32 hoofdstuk
2643 5394 124 26 Oost-W
2770 5396 182 26 est-relaties

2280 5428 57 26 had
2379 5430 191 32 Blumenfeld
2610 5431 90 30 nogal
2741 5433 59 24 wat
2842 5432 110 26 kritiek

2277 5465 149 26 verwerkt
2477 5472 40 24 op
2569 5465 242 26 bondskanselier
2864 5467 87 30 Willy

2275 5500 113 26 Brandt
2414 5500 47 26 die
2487 5500 40 32 hij
2552 5503 131 24 verweet
2707 5502 97 25 teveel
2828 5509 104 20 conces-

2275 5536 58 25 sies
2354 5538 27 24 te
2404 5537 117 25 hebben
2539 5537 116 30 gedaan
2675 5537 31 25 in
2726 5537 58 30 zijn
2804 5539 148 30 pogingen

2275 5578 47 20 om
2363 5581 56 19 een
2461 5574 99 26 betere
2602 5572 273 33 verstandhouding
2919 5578 28 24 te

2275 5608 170 31 verkrijgen
2471 5611 60 24 met
2558 5609 35 25 de
2620 5609 87 30 DDR,
2732 5609 91 25 Polen
2850 5617 38 18 en
2914 5611 35 25 de

2275 5644 206 31 Sovjet-Unie.
2523 5646 45 26 De
2593 5646 167 26 commissie
2784 5646 83 32 heeft
2910 5647 37 27 de

2275 5680 176 30 rapporteur
2472 5680 144 30 duidelijk
2636 5680 139 30 gemaakt
2797 5682 50 25 dat
2867 5683 84 25 zulks

2276 5714 126 31 bepaald
2426 5715 72 26 haar
2522 5717 73 25 visie
2617 5717 63 26 niet
2702 5717 34 25 is.
2759 5717 191 32 Blumenfeld

2276 5750 81 32 heeft
2388 5751 144 31 opdracht
2563 5752 149 30 gekregen
2740 5752 59 31 zijn
2829 5756 123 30 rapport

2274 5793 56 24 nog
2360 5794 73 19 voor
2464 5787 35 26 de
2529 5787 133 32 plenaire
2693 5789 195 32 vergadering
2919 5791 31 25 in

2275 5824 162 25 november
2456 5824 167 25 te-herzien
2640 5831 39 19 en
2694 5824 61 31 zijn
2772 5825 78 26 tekst
2868 5833 33 18 zo
2921 5829 28 24 te

2274 5858 135 31 wijzigen
2428 5859 50 26 dat
2496 5867 33 19 ze
2549 5859 81 26 beter
2648 5859 129 26 aansluit
2797 5861 39 31 bij
2856 5863 92 25 onder

2275 5900 81 19 meer
2401 5896 50 25 het
2496 5895 268 32 slotcommuniqué
2807 5904 60 19 van
2910 5898 39 30 de

2275 5930 196 30 bijeenkomst
2496 5939 59 19 van
2581 5931 35 26 de
2640 5933 253 27 Navo-ministers
2917 5936 31 24 in

2275 5966 100 31 Rome,
2398 5968 112 24 waarin
2536 5968 100 30 begrip
2660 5974 37 19 en
2719 5970 86 24 steun
2826 5970 123 26 werden

2274 6002 150 32 gevraagd
2447 6009 71 20 voor
2544 6004 129 27 Brandts
2696 6005 132 31 politiek.

2291 2467 185 70 Felle
2512 2470 256 67 aanval
2805 2497 136 41 van
2980 2469 291 69 Strauss:

2291 2613 442 158 „Willy
2790 2613 484 122 Brandt
3332 2613 156 118 de

2289 2826 288 116 Don
2635 2824 680 155 Quichotte
3371 2867 247 76 van

2291 3034 158 118 de
2505 3034 441 118 Duitse
3001 3034 606 161 politiek"

2326 3254 64 26 Met
2407 3254 125 28 scherpe
2549 3254 159 25 aanvallen
2726 3260 37 22 op
2781 3254 37 26 de
2837 3254 109 28 „Ostpo-

2290 3287 85 26 litik"
2400 3295 60 18 van
2485 3288 38 25 de
2549 3288 180 25 Westduitse
2753 3289 196 25 socialistisch-

2289 3324 125 26 liberale
2447 3324 138 28 regering
2617 3325 84 25 heeft
2734 3325 35 25 de
2804 3325 161 25 voorzitter

2289 3366 61 18 van
2399 3359 37 25 de
2484 3358 120 26 Beierse
2654 3358 309 31 christelijke-sociale

2290 3396 80 28 unie,
2394 3396 94 25 Franz
2513 3394 85 26 Josef
2624 3396 129 28 Strauss,
2777 3396 131 28 gisteren
2933 3396 31 25 in

2289 3430 194 30 Neurenberg
2506 3430 52 26 het
2583 3430 213 28 CSU-congres
2820 3430 143 30 geopend.

2289 3467 67 25 Wat
2373 3467 37 25 de
2427 3465 137 30 regering
2582 3465 30 25 al
2627 3465 157 30 verspeeld
2802 3467 84 24 heeft
2904 3468 59 22 kan

2290 3501 31 26 in
2354 3502 86 28 jaren
2472 3502 63 25 niet
2565 3508 84 19 meer
2680 3502 120 25 worden
2835 3502 110 27 goedge-

2288 3537 111 28 maakt,
2420 3543 34 19 zo
2474 3536 176 25 verklaarde
2675 3536 118 26 Strauss
2813 3537 48 30 Hij
2885 3537 61 24 beti-

2290 3573 79 26 telde
2389 3573 116 25 Brandt
2525 3572 46 25 als
2591 3573 84 28 „Don
2696 3572 128 27 Quichot
2844 3579 60 18 van
2927 3573 37 24 de

2288 3608 105 24 Duitse
2415 3607 209 25 buitenlandse
2646 3607 142 30 politiek"
2811 3614 37 18 en
2872 3608 91 28 sprak

2288 3651 60 17 van
2385 3650 56 18 een
2477 3641 217 31 „waaghalzige
2728 3643 40 26 rit
2804 3650 72 18 over
2911 3643 52 25 het

2288 3678 180 28 moerassige
2490 3678 111 26 terrein
2622 3684 60 20 van
2702 3678 142 28 politieke
2867 3684 76 20 avon-

2288 3712 115 26 turen".

2324 3768 64 25 Met
2414 3767 51 26 het
2492 3765 112 27 Oosten
2630 3767 80 26 moet
2737 3765 224 27 onderhandeld

2287 3802 123 26 wonden
2439 3808 38 25 op
2507 3801 144 31 gebieden
2681 3808 83 20 waar
2793 3808 76 25 geen
2898 3808 43 19 we-

2285 3836 318 31 reldbeschouwelijke
2627 3844 38 18 en
2689 3836 142 31 politieke
2855 3837 89 30 tegen-

2285 3873 158 30 stellingen
2484 3879 60 19 van
2585 3868 261 34 onoverbrugbare
2887 3872 74 26 aard

2285 3907 124 26 bestaan
2446 3914 85 19 maar
2565 3907 204 32 wederkerige
2805 3907 156 26 materiële

2285 3943 156 30 belangen.
2467 3944 80 25 Daar
2572 3943 81 26 moet
2679 3950 71 18 men
2774 3943 38 26 de
2838 3943 53 26 wil
2916 3943 45 26 tot

2285 3984 151 25 overgang
2456 3984 60 20 van
2537 3978 200 26 confrontatie
2756 3985 74 19 naar
2850 3978 92 26 onder-

2285 4013 201 30 handelingen
2503 4018 116 25 nagaan
2637 4020 39 18 en
2693 4013 45 26 tot
2754 4013 97 30 uiting
2868 4012 74 26 bren-

2285 4055 65 24 gen.
2373 4049 60 26 Het
2454 4049 66 31 past
2543 4048 41 32 bij
2607 4049 39 26 de
2669 4049 163 31 „theatrale
2855 4049 84 25 kome-

2284 4083 203 32 diantenistijl"
2516 4090 61 19 van
2606 4082 38 27 de
2673 4083 137 32 regering
2839 4083 52 26 dat
2922 4083 39 25 de

2285 4120 112 25 inhoud
2414 4127 60 19 van
2492 4120 38 26 de
2546 4119 163 31 aifspraken
2728 4120 102 25 tussen
2849 4119 93 26 staats-

2285 4154 156 26 secretaris
2464 4154 80 26 Econ
2567 4154 83 26 Bahr
2672 4160 39 20 en
2733 4154 35 25 de
2800 4154 161 26 Russische

2284 4189 137 27 minister
2445 4198 59 18 van
2528 4189 210 27 buitenlandse
2763 4189 93 26 zaken
2882 4189 58 25 Gro-

2284 4225 81 26 miko
2386 4226 63 26 het"
2459 4224 124 33 publiek
2602 4225 136 26 bereikte
2758 4224 51 27 via
2829 4225 129 26 kranten

2283 4267 39 19 en
2343 4260 211 31 tijdschriften.
2578 4259 171 27 Parlement
2773 4267 38 18 en
2833 4259 126 32 publiek

2284 4296 59 31 zijn
2363 4294 198 32 voorgelogen
2583 4296 70 26 toen
2674 4302 71 19 men
2766 4302 59 19 van
2848 4302 92 19 onver-

2282 4330 150 26 bindende
2454 4330 293 32 voorbesprekingen
2770 4330 99 31 sprak.
2893 4330 65 26 Wie

2283 4365 106 26 kennis
2419 4365 102 26 neemt
2549 4372 60 20 van
2639 4365 52 26 het
2721 4364 236 31 gepubliceerde,

2283 4402 60 25 kan
2357 4402 65 25 niet
2435 4402 39 26 de
2490 4402 110 26 minste
2615 4401 109 30 twijfel
2739 4408 81 19 meer
2837 4401 120 26 hebben

3018 3255 53 26 dait
3089 3256 52 26 het
3158 3256 70 30 gaait
3246 3262 51 20 om
3313 3256 379 33 verdragsformuleringen

3017 3298 39 19 en
3103 3292 328 31 gemeenschappelijke
3477 3293 118 26 teksten
3643 3294 48 25 die

3018 3326 86 26 klaar
3133 3333 102 19 waren
3265 3333 51 20 om
3344 3327 126 31 gedrukt
3500 3330 32 25 te
3561 3330 130 32 worden,

3020 3361 85 26 aldus
3128 3361 129 26 Strauss.

3091 3424 130 27 Brandts
3240 3425 195 31 „Ostpolitik"
3454 3428 91 30 kreeg
3563 3428 128 30 gisteren

3054 3468 60 18 van
3150 3461 38 26 de
3224 3461 111 26 Franse
3372 3462 151 31 president
3536 3461 12 37 ,
3561 3463 130 31 Georges

3054 3496 165 31 Pompidou
3255 3503 54 19 een
3344 3496 69 26 heel
3445 3498 60 25 wat
3540 3498 151 31 gunstiger

3054 3531 200 31 beoordeling.
3302 3533 164 31 Pompidou
3513 3534 178 26 verklaarde

3056 3567 109 30 tijdens
3184 3573 56 20 een
3260 3566 112 27 bezoek
3393 3575 56 18 aan
3469 3569 86 25 Bonn
3576 3569 52 25 dat
3648 3570 40 30 hij

3054 3602 129 26 Brandts
3224 3604 125 30 politiek
3390 3604 159 26 volkomen
3592 3604 99 27 steunt

3054 3637 178 32 „tegenover
3268 3637 58 27 alle
3360 3638 250 31 tegenstanders".
3647 3640 44 26 De

3053 3673 87 26 beide
3177 3673 193 26 staatslieden
3407 3681 100 20 waren
3546 3674 52 27 het
3633 3676 58 26 ook

3053 3715 72 19 eens
3145 3715 73 19 over
3239 3707 193 33 handhaving
3450 3717 60 19 van
3530 3716 57 19 een
3607 3712 66 25 vast-

3052 3743 131 27 beraden
3220 3744 132 31 houding
3386 3745 51 25 ten
3472 3745 124 26 aanzien
3630 3754 61 19 van

3053 3778 123 32 Berlijn.
3195 3778 38 27 In
3252 3785 56 20 een
3327 3780 250 32 lunchtoespraak
3596 3781 94 26 stelde

3052 3814 115 26 Brandt
3203 3815 52 26 dat
3291 3822 73 18 naar
3402 3816 57 28 zijn
3494 3816 123 30 mening
3652 3817 38 26 de

3053 3848 203 27 EEG-landen
3283 3856 39 25 op
3350 3850 52 26 het
3428 3850 111 26 terrein
3565 3857 60 20 van
3652 3852 39 26 de

3051 3883 210 27 buitenlandse
3279 3883 125 33 politiek
3420 3886 66 25 veel
3506 3893 83 19 meer
3605 3893 64 20 moe-

3051 3919 52 26 ten
3128 3920 234 25 samenwerken.

3052 3981 115 26 Brandt
3189 3981 78 26 deed
3291 3983 165 31 Pompidou
3480 3990 56 19 een
3559 3984 130 26 voorstel

3015 4015 190 27 betreffende
3231 4024 56 19 een
3314 4018 374 27 controle-overeenkomst

3015 4052 102 25 tussen
3144 4052 143 26 Euratom
3313 4059 38 20 en
3377 4054 52 26 het
3455 4054 234 26 Internationale

3017 4087 118 26 Bureau
3159 4093 73 20 voor
3257 4087 229 32 Atoomenergie
3511 4089 32 25 in
3569 4089 119 27 Wenen.

3014 4122 81 26 Naar
3129 4123 38 26 de
3203 4123 180 26 Westduitse
3418 4124 253 31 regeringswoord-

3013 4157 128 26 voerder
3174 4157 111 26 Ahlers
3319 4159 171 27 meedeelde
3526 4159 84 27 komt
3644 4160 45 26 dit

3014 4193 130 26 voorstel
3181 4199 156 25 nagenoeg
3372 4195 131 30 volledig
3540 4195 149 31 tegemoet

3015 4235 57 19 aan
3090 4230 39 25 de
3145 4228 113 27 Franse
3276 4235 120 20 wensen
3415 4230 52 26 ten
3484 4230 126 26 aanzien
3627 4238 61 19 van

3013 4271 57 19 een
3100 4265 412 30 onderhandelingsmandaat
3546 4272 73 19 voor
3650 4266 39 27 de

3014 4299 151 31 Europese
3206 4299 176 27 Commissie
3423 4307 38 19 en
3501 4302 97 25 houdt
3637 4302 52 26 het

3012 4335 123 32 tegelijk
3155 4335 145 31 rekening
3320 4336 63 26 met
3402 4336 38 26 de
3459 4336 148 31 belangen
3627 4344 60 18 van

3014 4370 38 25 de
3073 4370 57 31 vijf
3152 4370 276 32 Euratom-lamden,
3451 4371 50 26 die
3523 4372 52 26 het
3598 4371 72 27 kern-

3013 4404 196 31 stopverdrag
3226 4406 60 26 wel
3302 4406 203 26 ondertekend
3524 4407 125 27 hebben.

3014 4479 412 94 Septuagint
3463 4495 217 56 stuurt

3009 4631 177 67 paus
3221 4605 343 93 telegram

3046 4727 45 26 De
3115 4727 348 33 Septuagint-beweging
3474 4729 32 25 in
3515 4729 171 27 Nederland

3011 4761 84 26 heeft
3117 4761 38 26 de
3178 4768 77 25 paus
3279 4768 56 20 een
3356 4762 146 31 telegram
3524 4765 161 32 gezonden,

3011 4798 116 25 waarin
3162 4796 190 32 waardering
3387 4805 39 19 en
3461 4798 226 28 dankbaarheid

3012 4832 96 26 wordt
3124 4832 211 32 uitgesproken
3352 4839 74 20 over
3441 4834 51 26 het
3508 4834 56 27 feit
3580 4835 53 27 dat
3648 4837 37 27 de

3009 4874 77 22 paus
3117 4867 38 26 de
3185 4867 207 27 verzetsleieirs
3424 4869 45 27 uit
3498 4871 118 31 Angola
3647 4879 37 19 en

3011 4904 209 31 Mozambique
3248 4904 83 26 heeft
3357 4904 180 32 ontvangen.
3565 4906 70 32 „Dit
3659 4909 27 26 is

3009 4938 130 31 hoopval
3167 4945 39 19 en
3234 4939 81 30 geeft
3344 4938 77 32 blijk
3446 4948 61 21 van
3536 4941 38 28 de
3602 4944 81 25 ernst

3009 4981 150 19 waarmee
3195 4981 21 19 u
3253 4975 65 26 wilt
3353 4975 149 31 opkomen
3537 4984 74 19 voor
3646 4980 39 27 de

3011 5008 129 32 vrijheid
3158 5016 59 18 van
3234 5008 38 28 de
3289 5009 202 30 onderdrukte
3507 5021 125 20 mensen
3648 5022 37 19 en

3008 5043 39 27 de
3078 5044 181 31 popularum
3289 5047 193 32 progressio",
3515 5047 87 28 aldus
3633 5052 51 26 het

3009 5080 154 31 telegram.
3196 5080 177 32 Septuagint
3404 5081 26 26 is
3459 5082 39 27 de
3529 5085 155 33 beweging

3009 5121 59 19 van
3105 5114 139 27 solidaire
3280 5117 142 30 preisters
3455 5126 38 19 en
3529 5120 87 27 leken
3651 5124 33 26 in

3009 5151 178 25 Nederland.

3011 5213 561 70 Sovjet-kosmonauten

3012 5304 76 50 uit
3124 5309 337 65 quarantaine

3040 5401 44 25 De
3106 5400 85 27 beide
3211 5402 159 26 Russische
3390 5405 219 31 kosmonauten
3627 5409 35 26 Ni-

3008 5437 113 30 kolajef
3143 5444 39 18 en
3206 5438 198 28 Sewastianof
3426 5440 47 28 die
3497 5450 38 25 op
3560 5445 33 26 19
3615 5446 65 31 juni

3008 5478 73 19 naar
3113 5471 38 27 de
3183 5473 91 27 aarde
3306 5474 216 33 terugkeerden
3555 5487 40 20 na
3627 5489 53 20 een

3006 5507 214 27 ruimtevlucht
3249 5511 30 25 te
3308 5512 117 26 hebben
3454 5518 139 27 gemaakt
3621 5526 59 18 van

3006 5543 130 27 achttien
3157 5544 97 31 dagen
3275 5561 37 5 —
3332 5552 56 21 een
3409 5551 216 28 wereldrecord

3005 5580 58 31 zijn
3084 5580 129 32 gisteren
3234 5582 46 26 uit
3299 5587 196 27 quarantaine
3515 5591 163 30 ontslagen.

3006 5617 51 25 •De
3093 5615 87 28 beide
3217 5624 130 21 mannen
3385 5621 118 30 hadden
3540 5631 40 19 na
3617 5627 61 26 hun

3002 5650 123 33 landing
3164 5657 231 26 gerapporteerd
3433 5657 51 28 dat
3523 5661 63 26 hun
3625 5668 35 26 ge-

3005 5687 254 33 zichtsvermogen
3296 5698 61 19 was
3397 5694 187 34 afgenomen;
3622 5699 57 25 ook

3005 5731 61 18 was
3090 5725 60 25 hun
3174 5726 130 32 polsslag
3325 5731 215 33 onregelmatig
3562 5739 96 25 gewor-

3005 5759 66 26 den.
3096 5761 79 25 Toen
3200 5761 35 32 zij
3260 5763 130 31 gisteren
3416 5769 90 31 „vrij"
3530 5769 146 33 kwamen,

3002 5794 120 27 werden
3143 5797 34 31 zij
3200 5797 73 26 door
3291 5799 37 26 de
3345 5800 123 33 hoogste
3488 5806 189 26 autoriteiten

3002 5833 170 30 ontvangen
3197 5841 38 19 en
3279 5836 203 32 gedecoreerd.
3527 5841 154 32 Nikolajef

3002 5869 81 25 werd
3103 5870 168 27 bevorderd
3287 5874 45 25 tot
3348 5878 273 31 generaal-majoor
3639 5887 38 19 en

3002 5906 91 32 kreeg
3116 5907 58 31 zijn
3195 5908 116 27 tweede
3332 5910 61 27 ster
3415 5911 40 32 bij
3478 5914 35 26 de
3537 5914 138 28 medaille

3002 5949 59 18 van
3097 5943 94 31 „Held
3224 5952 61 19 van
3319 5944 38 28 de
3390 5948 214 31 Sovjet-Unie"
3638 5957 38 19 en

3004 5979 197 27 Sewastianof
3234 5981 92 33 kreeg
3359 5985 59 31 zijn
3451 5989 97 25 eerste
3581 5989 96 32 „Held

2999 6022 59 22 yan
3077 6015 38 27 de
3132 6017 380 32 Sovjet-Unie"-medaille.

3791 236 229 74 GEVAAR
4058 234 51 72 IN
4149 230 222 76 TURKIJE

3855 350 79 28 ("Van
3957 354 71 20 onze
4050 344 244 32 correspondent)

3771 405 34 24 In
3824 402 130 31 Turkije,
3972 402 52 25 het
4039 399 184 30 oostelijkste
4240 397 43 26 lid
4299 404 59 19 van
4376 394 38 26 de

3739 441 105 25 NATO
3872 438 100 25 heerst
3998 443 54 19 een
4080 433 141 32 politieke
4248 433 165 30 beroering,

3738 476 47 26 die
3808 482 38 24 op
3867 472 208 31 bedenkelijke
4096 471 85 30 wijze
4202 469 214 26 overeenkomt

3738 513 61 25 met
3817 511 37 26 de
3874 508 137 27 toestand
4028 509 32 25 in
4078 504 204 30 Griekenland
4302 511 57 19 aan
4377 503 38 27 de

3738 546 172 30 vooravond
3938 552 60 19 van
4026 544 38 26 de
4101 541 143 28 militaire
4280 541 113 26 machts-

3738 589 162 20 overname
3920 582 72 25 door
4011 580 38 26 de
4068 578 136 27 kolonels
4221 578 33 25 in
4276 578 77 25 1967.
4374 576 41 26 Er

3739 624 27 25 is
3804 630 57 19 een
3882 618 247 32 wijdverspreide
4150 615 262 32 ontevredenheid,

3739 657 38 25 de
3798 656 136 31 regering
3958 653 77 25 staat
4057 651 125 31 wankel,
4207 650 37 27 de
4265 648 132 27 economi-

3739 694 71 25 sche
3830 689 138 28 toestand
3989 689 25 25 is
4036 687 94 26 slecht
4152 694 38 18 en
4212 685 206 30 hardnekkige

3739 729 163 31 geruchten
3925 726 77 26 doen
4025 725 38 25 de
4084 723 96 26 ronde
4202 728 72 20 over
4296 728 56 19 een
4375 726 41 25 op

3741 764 120 27 handen
3893 761 97 32 zijnde
4020 759 194 31 staatsgreep.
4246 759 44 25 De
4320 757 97 25 eerste

3741 800 137 27 minister
3906 797 167 27 Soeleiman
4100 794 133 27 Demirei
4259 794 83 26 heeft
4369 793 48 26 die

3739 837 163 30 geruchten
3920 831 196 34 „belachelijk
4130 837 39 20 en
4183 830 159 26 volkomen
4358 835 39 19 on-

3739 872 148 32 gegrond"
3907 868 144 33 genoemd
4069 876 37 18 en
4124 868 66 26 vele
4208 865 209 32 partijleiders,

3742 908 94 26 onder
3868 907 58 26 wie
3959 905 37 27 de
4029 902 142 33 politieke
4204 902 143 26 veteraan
4380 908 39 19 en

3741 951 145 19 voorman
3932 948 61 20 van
4039 940 38 26 de
4124 937 154 33 oppositie,
4325 937 92 27 Ismet

3742 981 97 26 Inönu
3861 981 117 25 hebben
4020 979 32 25 in
4074 978 52 26 het
4165 974 154 32 openbaar
4358 981 60 19 van

3742 1018 64 26 hun
3831 1017 86 26 vaste
3944 1020 182 21 voornemen
4150 1012 125 31 betuigd
4300 1018 51 19 om
4377 1010 40 26 de

3741 1050 181 27 democratie
3963 1050 31 25 te
4035 1048 189 26 handhaven.
4267 1044 150 27 Generaal

3739 1085 149 26 Memduli
3924 1085 136 31 Tagmac,
4097 1082 70 27 chef
4193 1089 60 19 van
4280 1082 38 26 de
4345 1080 71 32 staf,

3743 1123 84 26 heeft
3848 1121 161 27 verklaard
4032 1120 52 26 dat
4104 1119 43 32 hij
4172 1119 59 32 „fel
4253 1119 86 31 tegen
4362 1123 57 20 een

3739 1157 149 26 revolutie
3905 1157 110 31 gekant
4032 1157 51 25 is".
4101 1154 164 28 Niettemin
4280 1155 84 26 heeft
4381 1152 38 26 de

3742 1194 115 26 Turkse
3875 1199 67 25 pers
3961 1191 80 27 sinds
4061 1193 52 26 het
4130 1189 149 33 ogenblik,
4297 1196 123 22 waarop

3741 1231 77 25 twee
3839 1230 133 26 kolonels
3992 1227 204 33 gearresteerd
4215 1225 122 28 werden
4355 1233 43 19 we-

3742 1271 72 25 gens
3835 1266 51 25 het
3908 1264 154 27 aanzetten
4081 1264 45 27 tot
4144 1261 146 27 revolutie
4311 1276 37 6 —
4367 1261 53 26 dat

3741 1300 149 31 gebeurde
3909 1300 31 26 in
3959 1300 58 26 mei
4033 1315 38 5 —
4088 1300 63 26 niet
4167 1297 195 33 opgehouden
4381 1297 38 25 de

3743 1345 94 25 vraag
3867 1341 31 26 te
3928 1339 175 31 bespreken,
4134 1344 142 20 wanneer
4304 1343 38 20 en
4377 1342 40 25 op

3743 1372 98 26 welke
3865 1374 84 30 wijze
3974 1372 37 26 de
4036 1371 181 27 democratie
4240 1372 32 24 in
4296 1370 124 30 Turkije

3738 1406 44 30 i—
3804 1408 54 26 één
3881 1416 60 18 van
3963 1408 38 26 de
4020 1408 78 27 twee
4121 1406 172 28 resterende
4313 1407 32 25 in
4367 1406 53 26 het

3744 1444 67 26 hele
3837 1444 106 31 gebied
3969 1446 103 25 tussen
4097 1443 86 26 Italië
4208 1450 40 19 en
4273 1441 85 28 India
4383 1456 37 5 —

3743 1481 51 25 ten
3811 1481 92 25 onder
3921 1480 45 25 zal
3983 1485 85 25 gaan.
4085 1480 54 26 Zal
4156 1486 33 19 er
4204 1486 57 19 een
4274 1476 143 28 mliitaire

3743 1515 87 31 junta
3854 1515 116 31 komen,
3994 1517 78 25 zoals
4097 1515 32 27 in
4153 1514 210 31 Griekenland,
4387 1514 33 25 of

3743 1551 51 26 Izal
3821 1558 56 20 een
3899 1548 123 34 "„sterke
4038 1551 98 34 ,man"
4163 1551 53 25 het
4241 1550 122 26 bewind
4388 1550 32 25 in

3745 1586 118 27 handen
3891 1593 116 26 nemen,
4033 1587 80 26 zoals
4140 1587 107 31 Yahya
4272 1586 90 27 Khan
4388 1586 32 26 in

3744 1623 143 25 Pakistan
3907 1622 91 26 deed?

3780 1669 45 24 De
3857 1668 137 25 toestand
4029 1668 31 25 in
4093 1667 123 32 Turkije
4248 1667 27 26 is
4306 1674 40 19 na
4381 1665 39 27 de

3744 1704 156 30 algemene
3932 1703 210 32 verkiezingen
4178 1709 146 25 ongeveer
4357 1702 64 26 tien

3743 1739 150 26 maanden
3919 1739 124 32 geleden
4069 1753 38 6 —
4133 1740 123 31 waarbij
4285 1739 37 26 de
4348 1744 56 20 con-

3744 1774 176 32 servatieve,
3977 1775 213 31 pro-westerse
4245 1774 159 31 Gerechtig-

3744 1809 85 26 heids
3863 1812 93 31 Partij
3991 1818 60 19 van
4085 1811 170 26 Soeleiman
4287 1809 117 26 Demirel-

3744 1847 76 25 haar
3848 1847 208 27 meerderheid
4084 1847 70 27 wist
4181 1848 32 25 te
4241 1846 180 26 handhaven

3743 1897 37 5 —
3826 1881 203 26 voortdurend
4076 1883 130 26 slechter
4252 1881 168 33 geworden.

3745 1918 341 32 Merkwaardigerwijze
4116 1918 84 26 werd
4232 1917 70 27 deze
4332 1925 71 18 over-

3745 1955 135 31 winning
3905 1962 60 19 van
3991 1954 37 27 de
4054 1954 149 32 46-jarige
4227 1954 132 26 Demirei
4384 1968 37 5 —

3743 1989 51 27 die
3821 1997 59 18 van
3907 1990 243 27 boerenafkomst
4178 1990 26 25 is
4230 2004 38 5 —
4292 1989 111 27 verwel-

3743 2026 92 26 komd
3875 2027 44 25 als
3959 2033 54 19 een
4052 2026 90 26 teken
4180 2033 61 19 van
4278 2026 143 32 politieke

3735 2055 165 33 'stabiliteit
3917 2063 31 24 in
3965 2063 51 25 het
4031 2062 79 27 land.
4128 2061 169 27 Inderdaad
4311 2061 109 27 bracht

3743 2098 59 31 zijn
3829 2096 138 33 regering
3993 2099 107 25 enkele
4128 2099 86 31 jaren
4240 2105 60 18 van
4328 2104 76 20 even-

3743 2134 92 26 wicht
3853 2141 39 18 en
3912 2134 178 26 toenemend
4110 2134 190 26 vertrouwen
4320 2140 40 20 na
4381 2133 39 26 de

3745 2170 168 32 beroering,
3940 2170 48 26 die
4015 2170 109 32 volgde
4149 2177 39 24 op
4215 2169 38 27 de
4278 2169 143 27 militaire

3745 2204 149 28 revolutie
3917 2213 60 18 van
4000 2206 78 26 1960.
4101 2207 87 25 Maar
4209 2212 43 19 nu
4273 2206 96 25 moest
4390 2205 31 25 in

3744 2241 156 27 Istanboel
3928 2241 38 26 de
3992 2241 79 27 staat
4098 2249 60 19 van
4186 2241 86 32 beleg
4298 2241 123 26 worden

3743 2276 211 32 .afgekondigd,
3983 2277 93 27 nadat
4101 2283 40 25 op
4167 2278 34 25 16
4228 2276 67 32 juni
4322 2276 83 27 arbei-

3742 2311 71 27 ders
3829 2320 38 19 en
3885 2313 159 26 studenten
4059 2319 57 20 een
4133 2311 85 33 grote
4233 2311 170 27 demonstra-

3743 2348 43 27 tie
3803 2348 120 27 hadden
3941 2348 156 31 gehouden
4114 2348 89 32 tegen
4219 2355 57 20 een
4292 2348 73 26 door
4383 2347 38 27 de

3744 2385 138 32 regering
3912 2383 217 33 afgekondigde
4159 2383 184 33 arbeidswet,
4372 2383 48 26 die

3745 2421 59 26 hen
3841 2421 124 30 volgens
4000 2421 63 25 hun
4100 2420 155 31 opvatting
4291 2419 32 27 in
4357 2420 64 27 hun

3744 2456 123 26 rechten
3887 2457 150 25 beknotte.

3780 2502 81 25 Door
3886 2500 38 26 de
3948 2500 188 31 verwerping
4162 2507 61 19 van
4246 2500 40 26 de
4312 2500 90 32 begro-

3744 2536 261 31 tingsvoorstellen
4030 2543 60 19 van
4114 2536 39 26 de
4176 2536 137 31 regering
4338 2535 83 27 werd

3745 2572 37 26 de
3815 2572 206 26 economische
4052 2571 146 32 toestand,
4232 2571 85 27 reeds
4350 2578 53 20 ver-

3743 2608 98 27 zwakt
3861 2608 72 25 door
3952 2608 117 27 inflatie
4089 2615 38 19 en
4144 2614 57 21 een
4219 2609 85 30 groot
4322 2608 99 26 tekort

3743 2652 39 24 op
3811 2644 38 26 de
3879 2644 261 32 betalingsbalans,
4169 2650 60 25 nog
4258 2652 81 19 meer
4368 2649 35 26 ge-

3744 2679 120 27 schaad.
3887 2681 59 25 Het
3967 2680 183 26 zakenleven
4172 2680 71 31 ging
4265 2679 156 27 achteruit.

3746 2717 124 31 Daarbij
3895 2717 102 26 kwam
4018 2717 60 26 dan
4101 2721 59 26 nog
4182 2715 53 27 dat
4258 2715 38 27 de
4317 2717 104 26 onrust

3743 2752 35 26 in
3797 2752 38 27 de
3854 2750 274 28 studentenwereld
4144 2765 38 6 —
4201 2750 155 27 waardoor
4376 2750 45 26 dit

3743 2789 66 31 jaar
3833 2789 65 26 drie
3920 2794 39 20 en
3981 2789 97 30 dertig
4101 2794 125 20 mensen
4250 2787 113 32 gedood
4387 2787 33 26 of

3744 2825 113 28 ernstig
3889 2825 125 28 gewond
4048 2825 123 26 werden
4204 2837 37 6 —
4273 2824 45 26 tot
4350 2830 70 20 zeer

3744 2859 197 32 ongeregelde
3972 2859 176 26 toestanden
4179 2859 106 33 leidde,
4317 2861 87 31 tenge-

3744 2897 89 30 volge
3868 2903 143 19 waarvan
4046 2896 52 26 het
4134 2893 92 33 hoger
4261 2895 159 31 onderwijs

3743 2931 151 32 practisch
3938 2933 103 31 geheel
4085 2931 184 31 stagneerde.
4313 2931 107 26 Voorts

3743 2968 138 26 kwamen
3904 2975 33 18 er
3957 2968 154 26 berichten
4131 2968 111 25 binnen
4265 2974 72 19 over
4356 2967 47 31 gis-

3743 3004 65 31 ting
3826 3004 93 26 onder
3939 3004 34 26 de
3993 3004 138 26 Koerden
4150 3005 30 25 in
4200 3004 221 31 Oost-Turkije.

3744 3041 40 24 Er
3802 3037 91 30 leven
3913 3046 81 19 meer
4016 3039 60 26 dan
4096 3040 63 26 drie
4180 3039 123 30 miljoen
4324 3040 78 25 Koer-

3743 3076 59 26 den
3829 3076 32 26 in
3891 3076 52 26 het
3970 3077 172 31 ver-verwij
4148 3076 98 32 derde,
4277 3076 126 32 bergach-

3745 3112 59 30 tige
3835 3112 195 31 grensgebied
4057 3115 63 24 met
4148 3111 39 27 de
4215 3111 206 32 Sovjet-Unie,

3745 3149 77 31 Iran,
3844 3148 72 25 Irak
3937 3155 37 18 en
3994 3148 94 32 Syrië.

3781 3193 59 26 Het
3862 3193 115 33 500.Q00
3998 3200 71 19 man
4089 3191 102 27 sterke
4211 3193 81 32 leger
4311 3207 37 6 —
4368 3191 53 27 dat

3746 3228 52 26 het
3824 3229 32 25 in
3885 3229 70 25 1960
3981 3228 83 26 deed.
4091 3230 40 24 Er
4155 3234 78 26 gaan
4258 3229 164 31 geruchten

3742 3265 33 26 in
3793 3265 37 26 de
3847 3265 115 26 Turkse
3978 3265 125 31 politiek
4120 3272 56 19 een
4192 3265 79 26 flink
4287 3265 132 32 woordje

3746 3302 188 31 meespreekt
3952 3317 37 5 —
4005 3304 26 25 is
4049 3302 129 31 bezorgd
4196 3309 72 20 over
4287 3302 37 27 de
4341 3308 79 27 gang

3745 3344 60 18 van
3847 3337 96 26 zaken
3981 3343 38 20 en
4058 3338 52 26 het
4149 3338 27 25 is
4215 3338 63 26 niet
4316 3339 106 30 geheel

3744 3373 183 31 onmogelijk
3948 3372 52 27 dat
4022 3373 52 27 het
4094 3374 46 25 zal
4162 3373 155 33 ingrijpen,
4341 3374 79 27 zoals

3745 3415 73 19 over
3841 3409 139 32 vorming
4003 3416 60 19 van
4088 3416 56 20 een
4168 3409 73 26 door
4265 3410 51 26 het
4339 3410 83 31 leger

3744 3444 162 31 gesteunde
3928 3445 165 31 „nationale
4115 3445 145 33 coalitie",
4281 3452 141 20 wanneer

3744 3481 37 25 de
3809 3481 139 26 toestand
3977 3482 100 25 mocht
4106 3485 187 26 verergeren.
4320 3482 84 25 Presi-

3743 3515 71 27 dent
3833 3515 112 27 Cevdet
3963 3517 102 31 Sunay
4080 3531 38 5 —
4133 3523 125 25 vroeger
4274 3519 69 26 chef
4358 3524 63 20 van

3746 3552 38 26 de
3809 3553 141 31 generale
3976 3553 59 26 staf
4059 3566 37 6 —
4120 3559 58 20 zou
4202 3553 60 25 dan
4287 3552 135 27 dezelfde

3744 3587 233 31 bevoegdheden
3999 3589 117 31 krijgen
4139 3589 44 26 als
4204 3589 106 32 Yahya
4330 3591 91 26 Khan

3744 3624 32 26 in
3794 3624 152 26 Pakistan.

3780 3669 215 27 Buitenlandse
4018 3676 200 21 waarnemers
4243 3671 32 26 in
4298 3671 123 31 Turkije

3745 3706 126 30 geloven
3891 3713 74 19 over
3985 3706 51 27 het
4058 3707 154 30 algemeen
4232 3707 64 26 niet
4315 3707 52 26 dat
4387 3715 34 19 er

3746 3742 32 31 al,
3798 3748 57 19 een
3878 3742 118 26 nieuwe
4017 3742 143 27 militaire
4182 3749 77 25 coup
4281 3751 38 24 op
4342 3744 59 26 han-

3742 3777 64 28 den
3826 3780 34 30 is,
3882 3785 85 19 maar
3989 3780 37 31 zij
4048 3780 106 31 wijzen
4175 3785 34 20 er
4230 3780 59 26 wel
4309 3787 39 25 op
4368 3780 53 26 dat

3743 3814 38 26 de
3801 3814 216 27 aanhoudende
4037 3816 163 31 geruchten
4220 3823 106 19 erover
4346 3823 56 19 aan-

3743 3852 91 25 tonen
3857 3852 58 26 hoe
3937 3852 109 31 weinig
4067 3852 144 32 innerlijk
4230 3854 191 24 vertrouwen

3745 3885 37 27 de
3807 3888 116 25 Turkse
3947 3887 222 27 intellectuelen
4194 3889 106 26 stellen
4325 3891 33 25 in
4382 3889 39 26 de

3744 3922 190 26 democratie.
3967 3924 44 26 De
4045 3924 96 26 linkse
4174 3924 188 27 minderheid
4395 3925 26 26 is

3743 3966 93 20 ervan
3859 3960 157 31 overtuigd
4038 3960 52 27 dat
4113 3961 51 26 het
4186 3961 235 26 democratische

3742 3996 103 26 stelsel
3874 3996 98 27 steeds
4002 4003 80 19 weer
4111 4004 56 19 een
4198 3998 222 27 conservatieve

3744 4032 139 31 regering
3908 4041 56 18 aan
3989 4033 52 25 het
4063 4033 122 26 bewind
4207 4033 46 26 zal
4276 4033 144 33 brengen,

3742 4068 48 26 die
3807 4069 84 25 nooit
3907 4069 51 26 het
3976 4069 142 27 initiatief
4133 4070 46 25 zal
4196 4077 107 19 nemen
4320 4070 45 27 tot
4382 4069 38 27 de

3742 4106 143 31 grondige
3917 4106 239 32 hervormingen,
4187 4106 50 26 die
4266 4107 52 26 het
4348 4107 73 26 land

3742 4148 104 20 zozeer
3875 4141 90 32 nodig
3996 4142 91 26 heeft.
4120 4143 104 30 Tewijl
4256 4144 164 30 sommigen

3743 4178 156 32 heimelijk
3918 4179 99 31 hopen
4036 4186 39 25 op
4095 4187 56 19 een
4188 4180 117 27 tweede
4342 4181 58 27 Ata-

3744 4215 81 31 turk,
3863 4213 38 27 de
3937 4214 123 27 stichter
4094 4222 60 19 van
4191 4215 52 26 het
4278 4217 142 26 moderne

3741 4251 131 31 Turkije,
3893 4251 64 26 zien
3978 4251 130 27 anderen
4128 4251 46 26 uit
4194 4258 74 19 naar
4287 4259 113 20 vervan-

3743 4289 70 31 ging
3830 4294 60 20 van
3907 4287 37 27 de
3961 4289 233 26 democratische
4211 4290 193 27 staatsinrich-

3741 4323 65 31 ting
3846 4322 74 27 door
3958 4324 167 26 socialisme
4165 4331 76 19 naar
4277 4326 143 25 Russisch

3742 4359 99 26 model
3874 4359 33 26 of
3940 4367 56 20 een
4026 4359 203 32 pragmatisch
4263 4362 157 26 autoritair

3744 4396 130 26 bewind.

3780 4442 72 26 Men
3867 4442 61 26 kan
3943 4449 58 25 nog
4015 4444 64 26 niet
4091 4443 76 32 goed
4181 4444 136 33 bepalen,
4332 4444 32 27 of
4380 4444 38 27 de

3742 4475 182 28 democratie
3958 4479 32 25 in
4024 4479 122 31 Turkije
4182 4479 163 27 inderdaad
4380 4488 38 22 op

3743 4521 57 19 een
3839 4514 150 32 keerpunt
4028 4517 85 26 staat.
4153 4517 89 26 Maar
4263 4517 52 28 het
4335 4517 83 32 blijft

3741 4548 142 31 mogelijk
3899 4550 51 26 dat
3967 4550 35 26 de
4020 4551 119 27 Turken
4159 4551 35 27 de
4211 4553 151 31 moeilijke
4380 4560 38 18 en

3739 4585 138 31 pijnlijke
3906 4586 74 32 fase,
4011 4587 115 26 waarin
4155 4587 52 27 het
4237 4587 163 27 democrati-

3742 4620 71 26 sche
3835 4620 102 26 stelsel
3959 4622 32 26 in
4012 4623 64 26 hun
4100 4623 72 26 land
4193 4624 148 34 verkeert,
4364 4628 53 25 ten

3741 4658 142 25 onrechte
3917 4658 44 25 als
3993 4665 54 20 een
4080 4659 105 32 bewijs
4217 4661 201 27 beschouwen

3741 4700 59 19 van
3821 4694 59 31 zijn
3901 4695 274 27 onbruikbaarheid
4196 4703 37 20 en
4254 4698 52 26 het
4325 4697 73 28 daar-

3742 4735 50 20 om
3813 4730 100 27 zullen
3937 4731 176 26 afschaffen.

2362 2243 71 25 Drie
2452 2242 228 26 deelneemsters
2698 2250 58 18 aan
2771 2243 33 26 de
2823 2243 72 25 Miss
2914 2242 372 28 Universe-verkiezingen
3301 2242 33 24 in
3352 2241 34 26 de
3404 2241 215 25 Amerikaanse

2363 2278 69 25 stad
2448 2277 115 27 Miami.
2582 2278 109 26 V.l.n.r.
2707 2278 71 26 miss
2797 2278 123 31 Spanje,
2935 2277 106 26 Noella
3058 2277 124 32 Afonso,
3201 2277 85 25 Bella
3304 2277 28 25 la
3350 2277 77 25 Rosa
3443 2283 59 19 van
3521 2277 79 25 Vene-

2365 2314 86 26 zuela
2466 2321 38 19 en
2522 2314 112 27 Moshit
2650 2315 122 30 Ziporin
2789 2315 45 26 uit
2850 2314 105 32 Israël;
2972 2314 57 26 alle
3046 2314 63 26 drie
3126 2315 32 24 in
3176 2313 34 26 de
3230 2313 180 31 badpakken
3428 2313 47 26 die
3491 2313 37 31 zij
3547 2320 73 19 voor

2366 2349 35 26 de
2422 2350 69 30 jury
2512 2352 120 24 moeten
2654 2349 122 31 dragen.

861 4619 53 26 Dit
958 4619 210 27 reisensemble
1204 4619 33 26 in
1271 4619 193 27 zwart-witte

861 4655 99 32 jersey
985 4655 84 26 werd
1102 4657 174 30 ontworpen
1302 4654 72 27 door
1398 4655 66 25 Tita

862 4691 85 25 Rossi
970 4691 46 26 uit
1038 4693 100 26 Rome.
1161 4691 46 31 Bij
1232 4691 50 26 het
1304 4690 161 33 ensemble,

861 4726 53 26 dat
938 4727 33 25 in
993 4727 190 32 midi-lengte
1209 4726 83 27 werd
1317 4726 148 32 gemaakt,

861 4761 98 27 wordt
984 4769 56 19 een
1064 4765 80 30 grote
1168 4763 84 26 witte
1293 4759 77 28 hoed
1413 4767 34 24 ge-

862 4796 122 30 dragen.

3730 4839 126 69 HÜ
3876 4867 300 43 LEEUWARDER
4200 4874 200 43 COURANT

3791 4968 146 27 Bureaus:

3793 5013 213 33 Leeuwarden,
4074 5016 180 28 Voorstreek
4320 5021 44 27 99.

3863 5049 128 28 Postbus
4031 5053 63 27 394.
4135 5054 61 26 Tel.
4240 5055 124 26 05100—

3863 5086 98 27 32221.
3984 5087 92 33 Telex
4098 5089 98 27 46189.
4220 5091 45 28 Na
4287 5092 57 27 kan-

3863 5122 142 28 tooruren
4055 5124 161 33 bezorging
4263 5126 98 30 38810.

3863 5158 90 32 B.g.g.
3976 5158 87 28 38811
4085 5161 45 27 tot
4152 5160 79 28 19.30
4252 5169 67 28 uur,
4339 5164 24 27 *s

3862 5194 155 32 zaterdags
4041 5197 45 26 tot
4111 5197 34 26 18
4170 5204 65 20 uur.
4261 5198 81 28 Fami-

3863 5229 268 30 lie-advertenties:
4152 5231 89 28 38707
4260 5236 102 27 tussen

3863 5264 33 26 21
3919 5271 37 20 en
3978 5265 35 26 22
4033 5272 65 21 uur.

3790 5307 202 32 Heerenveen,
4061 5310 189 28 Heideburen
4318 5315 43 28 11.

3862 5343 126 27 Postbus
4030 5346 61 27 503.
4133 5347 64 26 TeL
4238 5349 124 27 05130—

3861 5380 80 26 4415.
3966 5380 44 27 Na
4033 5381 201 30 kantooruren
4257 5385 89 30 bezor-

3861 5415 71 31 ging
3965 5415 69 27 4671
4070 5418 61 30 (tot
4166 5419 79 27 19.30
4277 5422 84 32 uur).

3861 5451 354 31 Familie-advertenties:
4291 5458 71 28 1390

3863 5486 74 31 (van
3961 5486 85 27 21-22
4069 5490 83 30 uur).

3788 5530 206 31 Bijkantoren:
4039 5532 107 33 Sneek,
4195 5537 164 31 Kleinzand

3861 5567 45 31 37,
3935 5567 50 27 teL
4013 5568 208 32 05150—2020.
4251 5574 92 30 Gorre-

3859 5601 73 33 dijk,
3980 5602 194 32 Hoofdstraat
4220 5608 44 33 73,
4307 5608 52 32 teL

3861 5637 206 30 05133—1677.
4091 5641 157 35 Drachten,
4273 5647 87 32 Burg.

3860 5672 163 34 VPuiteweg
4062 5675 43 33 39,
4144 5678 51 28 teL
4234 5680 125 31 05120—

3860 5706 80 30 8166.
3964 5709 146 35 Dokkum,
4136 5714 177 33 Hoogstraat
4333 5719 27 30 9.

3857 5744 51 27 teL
3928 5745 206 31 05190—3157.

3787 5789 298 34 Abonnementsprijs
4121 5803 54 25 per
4212 5798 145 31 kwartaal

3857 5824 19 30 /
3904 5825 78 31 15,10
4015 5835 52 25 per
4101 5832 109 28 maand
4246 5835 17 28 f
4286 5837 70 33 5,18,

3857 5861 78 27 losse
3952 5869 152 24 nummers
4121 5869 35 26 25
4173 5870 76 27 cent
4267 5871 71 28 Giro-

3856 5902 138 24 nummer
4019 5902 106 27 872459
4150 5904 81 30 tn.v.
4254 5908 100 28 Friese

3857 5931 80 33 Pers,
3959 5934 211 33 Leeuwarden.

3784 5978 190 30 Uitgeefster:
3994 5981 51 27 NV
4065 5983 100 30 Friese
4183 5986 81 28 Pen.

1920 144 331 34 LEEUWARDER
2275 145 224 33 COURANT

138 141 248 34 ZATERDAG
409 143 21 32 4
452 143 99 37 JULI
582 144 79 32 1970

4389 119 21 32 3
