5067 6898
115 104 47 26 het
178 102 139 26 voorbeeld
343 110 51 18 van
419 102 94 25 andere
541 100 132 26 bekwame
698 99 280 33 vertegenwoordigers
1006 99 54 27 dier

119 136 76 32 partij
215 144 31 15 en
263 136 47 24 liet
327 135 58 25 zich
402 135 39 25 als
457 135 37 25 Uil
510 133 163 32 inschrijven.

151 168 52 24 Zoo
221 165 71 25 werd
308 165 74 25 aldus
399 165 31 25 de
448 165 124 25 Leidsche
598 164 164 33 vereeniging
788 164 63 26 door
867 165 31 25 de
914 164 146 34 toetreding

118 207 51 18 van
187 197 202 26 onderscheiden
404 196 288 34 kerkgenootschappen
718 204 31 20 en
767 204 50 18 van
834 197 31 25 de
882 197 178 26 voorstanders

119 231 45 22 der
183 230 187 24 verschillende
389 229 146 32 richtingen
553 237 32 22 op
602 230 45 24 het
664 230 92 31 gebied
775 237 48 17 van
833 230 46 24 het
892 230 154 25 volksonder-

120 262 56 32 wijs
194 260 92 34 geheel
304 260 27 26 in
347 260 50 26 den
415 262 73 32 geest
504 261 45 26 der
566 263 156 32 ontwerpeis
739 261 143 34 gevestigd.

158 294 60 30 Waf
235 293 31 32 zij
285 293 57 26 zich
359 294 125 25 voorstelt
502 294 21 25 is
543 295 27 24 in
596 295 188 25 hoofdtrekken
809 294 154 33 uitgedrukt
986 295 26 25 in
1030 294 31 26 de

123 326 56 25 drie
214 326 81 24 eerste
331 325 107 26 artikels
471 333 50 19 van
554 326 45 26 het
631 328 43 26 ter
705 327 172 34 vergadering
902 327 158 34 vastgesteld

126 358 152 33 reglement.

156 392 69 22 Deze
242 389 109 26 artikels
366 390 100 25 luiden:

155 424 57 24 Art.
236 426 17 21 1.
291 422 48 26 »Er
364 422 84 26 wordt
476 431 60 17 eene
568 424 167 34 vereeniging
759 424 123 33 gevormd
907 425 78 26 onder
1011 425 48 26 den

122 463 77 17 naam
217 463 48 17 van
283 455 124 25 Leidsche
425 456 165 34 vereeniging
613 459 41 24 tot
681 457 169 32 bevordering
872 465 48 18 van
939 458 120 33 geregeld

122 487 193 25 schoolbezoek.

155 521 58 24 Art.
230 524 22 20 2.
287 520 39 25 De
351 521 165 32 vereeniging
540 523 89 26 tracht
652 524 65 25 haar
743 523 58 25 doel
817 524 28 24 te
860 522 122 26 bereiken
998 523 63 24 door

122 553 76 25 zulke
215 550 136 31 middelen,
370 553 79 25 welke
468 561 119 20 evenzeer
605 563 31 26 op
653 556 45 26 het
716 555 130 34 openbaar
862 555 37 27 als
917 565 31 25 op
959 556 46 26 het
1015 554 35 33 bij-

122 585 94 26 zonder
233 583 136 33 onderwijs
386 593 48 17 van
452 587 145 34 toepassing
615 589 56 31 zijn.

156 617 58 26 Art.
230 620 22 22 3.
288 617 38 25 De
344 617 135 30 middelen,
495 620 40 25 die
553 621 32 33 zij
601 621 28 26 in
645 622 46 25 het
709 620 71 27 werk
788 620 70 31 stelt,
874 621 84 26 zullen
970 618 77 28 hoofd-

124 650 110 31 zakelijk
252 648 31 26 do
300 650 135 34 strekking
451 652 112 32 hebben,
588 661 41 19 om
647 654 146 33 algemeene
813 654 200 33 belangstelling
1029 659 33 25 op

123 685 26 22 te
168 679 106 27 wekken
292 690 64 18 voor
371 683 31 25 de
418 685 63 25 zaak
500 693 48 19 van
566 686 45 26 het

156 715 52 25 Dat
234 713 60 26 deze
320 717 164 34 vereeniging
501 726 46 19 een
563 719 178 33 belangrijken
759 719 146 33 werkkring
926 724 63 20 voor
1005 715 57 27 zich

123 746 117 33 geopend
257 748 58 27 ziet.
333 749 39 25 zal
390 750 117 26 niemand
526 751 162 34 betwijfelen.

156 778 51 27 Het
227 781 100 32 spreekt
345 790 50 18 van
410 783 58 28 zelf.
485 783 45 27 dat
547 785 31 26 de
595 784 77 34 kring
690 785 45 26 der
752 783 228 27 werkzaamheden
994 781 67 26 later

123 819 57 19 zeer
197 813 25 25 in
241 822 110 26 omvang
366 815 50 26 kan
433 817 142 25 toenemen.
601 817 86 25 Thans
704 817 73 26 komt
795 817 45 26 het
859 824 27 18 er
904 824 32 24 op
950 823 57 18 aan.
1016 822 46 15 een

122 844 66 32 goed
213 844 77 34 begin
314 848 26 25 te
365 849 100 25 maken.
501 849 59 25 Men
585 852 71 24 moet
680 850 57 25 zich
763 850 26 25 iv
815 850 31 24 de
872 852 84 21 eerste
978 847 83 32 plaats

122 878 182 34 naauwkeurig
322 880 98 27 bekend
437 882 92 25 maken
547 882 53 25 met
618 882 30 26 de
665 882 125 32 gezinnen
807 889 33 18 en
856 882 54 24 met
927 880 50 25 den
985 878 77 26 stand

122 919 50 18 van
189 912 44 25 het
252 913 155 33 schoolgaan
423 914 45 25 der
484 914 131 25 kinderen.
640 914 208 32 Aanmoediging
865 921 32 17 en
908 911 154 33 opwekking

123 952 40 18 om
181 945 31 25 de
228 944 123 28 kinderen
370 954 50 18 van
436 948 17 24 6
455 948 63 24 —12
530 946 83 33 jaren,
639 954 63 18 voor
726 953 92 19 zoover
843 945 30 32 zij
892 944 56 26 niet
964 944 30 26 of
1007 939 54 31 niet

122 978 119 32 geregeld
259 986 32 25 op
308 979 87 25 school
413 986 74 24 gaan,
504 980 41 24 ter
563 979 87 25 school
667 980 27 24 te
712 978 107 31 zenden,
846 978 64 32 gaat
926 976 135 26 daarmede

122 1018 48 18 van
188 1011 52 25 zelf
253 1011 122 33 gepaard.

152 1043 67 26 Deze
237 1042 228 28 werkzaamheden
481 1042 144 33 behoorlijk
641 1044 26 24 te
683 1042 105 34 regelen
806 1051 31 17 en
856 1043 25 24 te
894 1041 135 26 verdeden
1039 1041 21 26 is

122 1075 31 26 de
169 1078 81 24 eerste
268 1076 156 38 gewichtige
442 1076 76 28 taak,
535 1075 40 25 die
594 1084 31 22 op
643 1075 45 25 het
704 1077 27 22 te
748 1075 90 25 kiezen
856 1075 107 25 bestuur
980 1076 63 24 rust.

154 1109 90 25 Indien
269 1110 45 25 het
339 1109 28 25 in
392 1108 60 25 deze
477 1107 63 26 taak
557 1108 124 32 gelukkig
699 1116 59 24 mag
775 1109 90 32 slagen
881 1117 32 15 en
931 1107 31 26 de
980 1107 65 25 werk-

119 1141 156 26 zaamheden
292 1141 98 25 weldra
406 1141 54 25 met
476 1140 96 26 kracht
595 1140 104 26 worden
725 1149 193 25 aangevangen,
944 1140 52 25 dan
1022 1137 39 26 zal

120 1175 31 25 de
168 1182 72 18 vrees
257 1182 50 17 van
325 1174 150 32 sommigen,
491 1173 46 25 dat
554 1182 60 17 eene
641 1174 172 32 vereeniging,
840 1174 40 24 uit
905 1172 76 26 zulke
1005 1178 43 18 ver-

120 1206 141 27 schillende
279 1206 144 26 elementen
441 1205 148 31 bestaande,
614 1206 106 34 spoedig
745 1207 41 25 tot
808 1205 139 32 botsingen
964 1202 84 26 aanlei-

119 1240 63 32 ding
198 1240 40 25 zal
256 1247 89 25 geven,
364 1239 104 25 kunnen
484 1239 96 32 blijken
598 1238 60 34 ijdel
676 1241 27 25 te
719 1239 50 32 zijn
788 1238 111 32 geweest
918 1244 31 18 en
958 1235 53 25 kan
1023 1235 26 25 in-

118 1272 136 34 tegendeel
272 1272 46 25 het
334 1271 87 34 bewijs
439 1271 104 26 worden
559 1271 132 33 geleverd,
719 1271 46 25 dat
782 1270 26 25 al
826 1269 32 26 de
874 1266 187 27 verschillende

117 1306 118 33 partijen,
253 1304 83 27 welke
351 1304 137 34 gevoelens
504 1305 32 33 zij
553 1304 135 33 overigens
704 1303 116 26 omtrent
837 1300 31 26 de
880 1300 122 26 methode
1010 1307 51 18 van

118 1338 135 33 onderwijs
270 1339 145 27 voorstaan,
433 1337 39 26 als
488 1337 46 26 één
553 1344 59 18 man
628 1336 43 33 pal
689 1337 76 24 staan
781 1336 41 24 ter
840 1332 155 33 bestrijding
1010 1339 50 19 van

117 1369 119 28 ruwheid
252 1378 33 19 en
301 1370 128 26 onkunde.

149 1454 54 26 Het
227 1460 107 20 vervoer
358 1452 77 33 langs
452 1452 48 26 den
519 1450 230 26 Nederlands—len
767 1449 204 32 Rijn-spoorsveg
989 1449 70 26 heeft

117 1486 149 32 gedurende
283 1486 33 26 de
337 1485 94 26 maand
448 1483 144 26 December
611 1485 61 24 1869
690 1481 158 33 opgebragt:
873 1489 48 18 aan
938 1481 120 33 reizigers

116 1521 26 27 f
154 1521 105 27 96,556,
276 1526 50 18 aan
344 1517 130 33 goederen
493 1517 25 30 f
526 1518 89 27 57,624
625 1535 6 9 ,
651 1522 50 18 aan
718 1515 84 25 direct
819 1514 106 26 verkeer
943 1521 50 19 van
1009 1514 38 26 rei-

117 1550 84 31 zigers
216 1558 32 18 en
266 1550 130 33 goederen
404 1548 26 31 ƒ
442 1548 119 30 159,436;
578 1548 118 24 tezamen
703 1547 26 31 ƒ
737 1548 115 28 313,616.
869 1546 93 26 Sedert
980 1548 9 24 1
1006 1546 52 26 Mei

120 1585 60 22 1869
191 1591 52 18 was
253 1581 32 27 do
293 1580 143 33 opbrengst
445 1587 51 19 van
506 1579 120 33 reizigers
635 1587 31 18 en
677 1578 125 34 goederen
804 1580 24 31 ƒ
829 1580 181 31 2,763,783.18
1010 1580 31 31 Va
1048 1599 6 5 •

151 1663 71 26 Naar
240 1662 40 33 wij
298 1669 144 24 vernemen,
461 1662 59 32 zegt
537 1661 31 26 de
580 1662 174 33 Nijmeegsche
765 1662 172 26 Nieuwsbode,
957 1661 102 25 bestaat

118 1703 28 18 er
163 1694 122 34 eindelijk
301 1694 80 34 hoop,
403 1694 137 34 Nijmegen
557 1697 53 24 met
628 1695 45 26 het
690 1696 178 32 spoorwegnet
885 1696 26 22 te
930 1693 56 26 zien
1003 1700 43 18 ver-

116 1727 102 32 eenigd.
252 1726 53 27 Het
322 1727 115 34 kapitaal
455 1727 63 27 toch
536 1730 37 30 (ƒ
586 1730 170 27 8.000,000),
783 1726 148 32 henoodigd
948 1733 63 18 voor
1029 1724 30 26 de

116 1760 46 32 lijn
178 1759 165 41 Tilburg—'s
354 1756 269 44 Bosch—Nijmegen,
641 1760 22 25 is
680 1759 71 41 bijna
768 1757 163 32 volteekend,
947 1766 32 17 en
996 1756 63 26 door

117 1800 53 22 ons,
188 1791 197 32 Nederlanders,
403 1792 40 26 die
461 1800 28 19 er
506 1785 97 40 fcelang
619 1792 34 32 bij
672 1785 110 37 hebben,
801 1792 71 24 moet
887 1798 53 25 nog
957 1789 100 26 voorde

117 1824 171 35 betrekkelijk
305 1825 106 34 geringe
429 1833 56 19 som
501 1832 51 20 van
563 1827 24 30 ƒ
605 1827 103 28 192,000
723 1822 105 27 worden
844 1822 194 33 ingeschreven.

145 1920 167 33 Eergisteren
337 1919 119 26 overleed
471 1920 28 25 te
516 1919 113 26 Utrecht
656 1926 47 17 een
724 1918 46 25 der
787 1918 141 24 veteranen
945 1924 51 18 van
1012 1924 45 18 ons

113 1952 83 34 leger:
224 1952 31 26 de
280 1951 215 35 gepensioneerde
521 1951 100 33 majoor
646 1951 90 26 Pieter
763 1950 104 27 Willem
893 1950 116 26 d'Auzon
1026 1949 30 26 de

111 1985 167 25 Boisminart.
313 1983 67 27 Deze
398 1984 152 33 krijgsman,
570 1983 115 32 geboren
702 1983 27 25 in
750 1985 76 26 1776,
850 1983 52 25 had
920 1982 70 32 bijna
1007 1982 48 25 den

112 2017 100 33 leeftijd
230 2024 50 19 van
298 2017 116 26 honderd
428 2023 61 26 jaar
506 2013 107 31 bereikt.
648 2015 83 27 Reeds
749 2023 32 25 op
797 2015 51 38 zijn
865 2014 123 26 twaalfde
998 2014 58 33 jaar

112 2050 61 26 trad
190 2050 35 32 hij
244 2050 27 26 in
288 2050 188 26 hollandschen
494 2049 85 26 dienst
588 2049 38 25 als
634 2048 79 25 kadet
723 2048 45 25 der
776 2047 133 31 artillerie;
919 2047 66 25 later
994 2047 63 31 ging

113 2082 35 33 hij
168 2082 28 26 in
213 2082 221 33 Oostenrijkse!—n
450 2082 85 24 dienst
554 2088 67 22 over;
632 2080 69 24 werd
710 2080 215 32 krijgsgevangen
937 2078 120 33 gemaakt

112 2106 64 35 door
193 2115 31 25 de
241 2115 163 28 Franschen;
420 2113 124 27 schaarde
561 2113 58 26 zich
635 2114 61 24 toen
715 2112 80 26 onder
810 2111 31 26 de
860 2111 136 33 engelsche
1015 2109 30 25 ba-

116 2148 67 27 nier,
209 2147 41 25 tot
275 2147 35 33 hij
338 2147 27 25 in
385 2150 63 24 1802
464 2146 85 25 weder
566 2146 39 25 als
622 2145 152 26 hollandscli
793 2144 98 26 officier
907 2141 151 39 aangesteld

112 2180 71 26 werd
200 2187 33 18 en
248 2179 80 28 later,
347 2179 33 33 bij
399 2171 31 33 de
449 2179 118 32 inlijving
586 2179 33 31 bij
639 2177 149 33 Frankrijk,
811 2177 33 32 bij
863 2177 45 25 het
926 2176 131 32 keizerlijk

117 2213 72 32 leger
206 2213 85 25 dienst
308 2212 71 27 deed.
396 2212 56 33 Zijn
468 2211 86 26 eervol
570 2210 104 33 ontslag
691 2211 41 25 uit
746 2205 56 30 'den
820 2207 136 30 franschen
973 2206 84 27 dienst

113 2245 27 26 in
167 2249 60 22 1814
244 2245 142 32 verkregen
412 2244 146 28 hebbende,
581 2244 65 31 ging
667 2243 35 32 liij
729 2243 85 25 weder
835 2243 26 24 iv
888 2241 169 27 bollandsche

112 2285 63 18 over
190 2285 32 18 en
241 2278 90 25 diende
350 2278 41 24 tot
412 2280 76 25 1824,
509 2277 27 25 in
555 2277 65 24 welk
645 2276 59 32 jaar
728 2275 35 32 hij
789 2276 41 24 tot
855 2274 184 26 komniandant-

111 2301 130 35 directeur
260 2317 50 18 van
327 2310 46 25 het
390 2309 190 25 invalidenhuis
599 2310 25 24 te
641 2303 97 31 Leiden
758 2307 124 26 benoemd
894 2307 78 26 werd.
990 2306 66 26 Deze

116 2343 155 30 betrekking
287 2334 143 33 bekleedde
448 2342 35 32 hij
502 2348 129 25 ongeveer
646 2340 107 32 twintig
767 2340 69 32 jaar.

143 2375 43 33 Hij
204 2382 60 20 nam
282 2382 50 18 aan
356 2374 25 26 al
403 2374 32 26 de
452 2374 168 26 veldtochten
639 2373 70 31 deel,
728 2379 119 20 waanuu
870 2372 45 26 het
933 2370 123 34 tijdperk,

111 2408 98 25 waarin
228 2408 33 31 hij
280 2406 91 31 leefde,
390 2415 45 17 zoo
454 2408 48 35 rijk
522 2415 58 17 was.
614 2407 54 24 Een
686 2406 90 24 aantal
794 2405 149 30 veldslagen
960 2412 31 17 en
1010 2404 31 25 be-

110 2440 151 32 legeringen
280 2440 105 25 woonde
404 2439 33 31 hij
458 2439 44 31 bij.
535 2439 43 25 Na
604 2438 48 25 den
678 2438 77 25 tocht
771 2445 64 17 naar
855 2435 117 25 Rusland
990 2435 67 25 werd

110 2472 33 33 hij
163 2471 202 40 voorgedragen,
384 2480 100 24 wegens
502 2471 65 33 zijne
586 2469 164 28 uitnemende
769 2469 125 31 diensten,
913 2469 41 25 tot
972 2467 85 26 ridder

110 2513 51 17 van
187 2505 47 25 het
250 2505 113 32 Legioen
381 2513 48 15 van
449 2504 61 30 Eer,
534 2504 80 25 welke'
639 2502 215 31 onderscheiding
870 2502 60 25 hem
952 2500 104 30 echter,

110 2539 45 22 ten
176 2537 106 32 gevolge
300 2545 52 17 van
367 2536 50 26 den
435 2535 61 34 loop
515 2536 45 25 der
578 2535 220 32 gebeurtenissen,
815 2533 54 25 niet
880 2535 44 24 ten
933 2532 56 26 deel
999 2532 57 26 viel.

143 2570 47 26 Als
209 2569 188 26 kommandant
415 2577 50 17 van
491 2569 45 25 het
563 2568 191 25 invalidenhuis
774 2569 25 22 te
819 2565 94 26 Leiden
933 2565 71 26 heeft
1020 2565 35 33 hij

112 2602 58 24 zich
189 2609 58 17 zeer
266 2601 194 31 verdienstelijk
477 2600 137 31 gemaakt,
641 2607 32 17 en
698 2598 69 25 later
784 2597 48 26 ook
849 2597 35 33 bij
902 2597 31 26 de
952 2598 90 32 oprich-

111 2634 59 34 ting
189 2642 50 18 van
255 2633 47 27 het
320 2631 190 27 invalidenhuis
528 2641 33 24 op
578 2630 144 27 Bronbeek.
756 2630 35 26 Er
808 2630 106 26 bestaan
926 2630 117 26 verschei-

111 2668 65 25 dene
194 2667 103 26 werken
317 2674 48 17 van
384 2666 65 31 zijne
467 2665 83 30 hand,
574 2663 79 26 onder
671 2663 111 26 anderen
801 2672 59 17 eene
882 2663 175 31 geschiedenis

111 2708 52 17 van
188 2700 50 25 den
265 2698 137 27 veldtocht
419 2706 50 17 van
487 2695 135 34 Napoleon
639 2704 32 18 en
697 2704 51 17 van
774 2695 30 25 de
829 2694 167 27 veldtochten
1013 2696 44 25 der

115 2731 157 27 Franschen.
306 2732 41 32 Hij
366 2739 54 18 was
437 2730 89 27 ridder
542 2738 51 17 van
612 2728 181 26 verscheidene
809 2727 80 27 orden
906 2735 32 18 en
956 2728 35 26 lid
1009 2737 48 18 van

111 2771 70 19 meer
206 2764 52 25 dan
283 2771 60 17 eene
361 2763 259 33 wetenschappelijke
640 2763 69 24 maal
713 2760 113 33 schappij
839 2780 6 8 ,
861 2769 22 18 o.
901 2769 22 17 a.
943 2760 48 26 ook
1010 2770 47 17 van

111 2796 32 26 de
169 2794 210 28 Nederlandsche
405 2794 188 33 maatschappij
620 2803 51 18 van
694 2792 187 28 Letterkunde.
914 2792 144 34 Bedriegen

111 2830 43 30 wij
172 2838 46 17 ons
235 2829 65 30 niet,
318 2828 51 25 dan
386 2828 48 31 gaf
449 2828 35 31 hij
496 2828 27 25 in
535 2831 64 21 1863
609 2836 46 17 een
673 2828 116 31 ontwerp
807 2826 28 26 in
852 2826 46 26 het
914 2825 66 26 licht
998 2833 61 18 voor

111 2861 46 26 het
175 2858 135 28 nationaal
327 2859 159 26 monument.
513 2858 38 26 De
567 2858 152 26 overledene
737 2865 52 19 was
806 2858 133 41 algemeen
956 2858 102 33 geacht,

111 2901 74 19 maar
213 2893 27 26 in
267 2891 31 27 de
322 2891 97 27 laatste
444 2891 78 34 jaren
542 2900 61 18 nam
620 2891 35 33 hij
676 2891 94 32 weinig
787 2891 57 26 deel
860 2898 71 19 meer
946 2898 51 19 aan
1012 2891 47 26 het

111 2924 235 34 maatschappelijk
361 2924 84 26 leven.
830 2923 96 33 (Arnh.
944 2923 48 33 Ct.)

143 3008 90 26 271ste
265 3005 372 27 STAATS-LOTERIJ:.3de
657 3004 92 31 klasse,
765 3004 48 26 2de
830 3004 70 31 lijst:
918 3005 44 25 N°.
981 3008 78 22 10386

115 3039 25 30 ƒ
150 3040 107 30 25,000,
275 3037 120 35 gevallen
412 3037 28 27 in
457 3037 32 27 de
507 3037 113 27 kollecte
635 3044 51 19 van
704 3035 52 28 den
771 3035 63 27 heer
849 3035 34 27 H.
901 3035 33 28 H.
952 3035 106 34 Cretier;

115 3072 44 26 N°.
180 3073 79 26 12939
276 3080 33 17 en
326 3073 66 25 3956
407 3070 74 27 ieder
500 3071 25 28 ƒ
535 3073 57 24 400.

144 3167 12 12 *
177 3167 19 25 's
210 3165 262 31 GRAVENHAGE,
489 3169 17 22 4
523 3165 59 26 Jan.
609 3165 120 26 Gisteren
750 3165 85 26 avond
852 3165 22 26 is
891 3172 27 19 er
933 3165 35 33 bij

115 3198 112 31 genheid
246 3207 51 18 van
313 3198 46 25 het
378 3197 223 33 nieuwejaart'eest
619 3206 46 18 een
681 3197 118 33 gala-bal
816 3198 45 25 ten
880 3197 66 26 hove

115 3230 58 26 den.
207 3230 40 34 Bij
267 3231 31 25 de
315 3230 206 39 uitlandigheid,
537 3239 46 18 zoo
600 3239 58 18 men
676 3231 66 25 weet
758 3239 51 18 van
826 3230 31 26 de
874 3233 94 24 meeste
985 3230 74 27 leden

113 3265 47 24 der
176 3263 163 31 koninklijke
356 3263 105 27 familie,
478 3270 60 20 was,
550 3263 128 24 benevens
696 3263 59 24 Hll.
772 3262 63 27 MM,
855 3272 48 17 van
920 3265 31 25 de
961 3266 85 25 vorste-

116 3295 60 33 lijke
194 3302 125 26 personen
339 3295 26 25 Z.
390 3295 31 25 K.
445 3295 34 25 H.
504 3295 32 25 de
562 3295 71 33 prins
659 3302 47 18 van
732 3295 97 32 Oranje
854 3295 84 26 alleen
964 3295 96 34 daarop

113 3328 196 32 tegenwoordig
321 3339 6 15 :
354 3328 89 25 voorts
469 3327 122 25 woonden
609 3328 118 24 hetzelve
746 3328 33 31 bij
797 3328 32 25 de
854 3328 76 25 leden
947 3337 50 18 van
1015 3330 45 25 liet

115 3367 74 26 corps
198 3360 195 33 diplomatique,
404 3359 31 26 de
444 3359 131 26 ministors
587 3367 31 18 en
627 3359 208 28 oud-ministers,
847 3359 74 27 leden
932 3360 46 26 der
985 3360 74 27 beide

113 3393 104 26 kamers
236 3400 50 19 van
305 3393 32 26 de
354 3392 255 28 Stateii-C.neraal,
637 3400 48 15 van
704 3392 47 25 den
775 3392 60 25 raad
854 3400 50 18 van
922 3393 85 25 staten
1029 3403 30 17 en

113 3433 50 18 van
182 3426 96 26 andere
295 3425 83 32 hooge
390 3424 138 33 koliegiën,
548 3423 155 33 burgerlijke
720 3432 31 17 en
770 3423 122 27 militaire
906 3426 152 27 overheden,

113 3457 137 27 officieren
267 3465 50 18 van
334 3457 32 26 de
385 3465 58 17 zee-
462 3465 31 15 in
510 3455 158 31 landmacht,
685 3464 45 17 zoo
748 3464 50 17 van
815 3456 57 26 hier
887 3457 39 26 als
934 3465 51 19 van
993 3458 65 26 Ned.

113 3491 84 26 Indië.
217 3498 50 18 van
285 3490 31 26 de
326 3488 144 34 schutterij,
480 3488 112 28 alsmede
604 3497 48 18 van
661 3489 45 26 het
716 3489 64 33 korp
789 3489 157 34 koninklijke
957 3491 87 32 scherp-

117 3523 132 24 schutter,
269 3530 31 15 en
320 3523 54 24 vele
392 3530 94 15 ■_——_
504 3523 187 33 tj.riioodigden.

151 3568 32 4 —
202 3553 61 26 Men
280 3553 132 25 verneemt
431 3550 46 27 dat
494 3550 34 34 bij
547 3550 170 37 gelegenheid
733 3560 50 18 van
801 3550 31 27 de
846 3552 100 27 intrede
956 3561 50 18 van
1013 3552 46 28 het

113 3586 70 32 jaar.
202 3587 33 31 bij
254 3586 188 24 verschillende
459 3585 213 33 departementen
690 3593 48 17 van
756 3585 131 32 algemeen
898 3586 106 26 bestuur
1012 3586 32 26 be-

120 3611 172 39 vorderingen
304 3625 30 18 en
346 3617 183 32 benoemingen
540 3617 100 26 hebben
650 3617 84 33 plaats
743 3617 92 32 gehad.
850 3618 52 25 Zoo
913 3618 48 33 zijn
971 3619 33 32 bij
1015 3619 44 25 het

116 3650 59 27 deal
183 3652 34 30 tp.
228 3652 71 24 ment
308 3658 50 17 van
367 3648 194 26 binnenl.zaken
572 3648 125 26 benoemd
705 3650 41 24 tot
756 3650 83 24 eerste
847 3648 198 31 klerken.dehee-

113 3690 47 18 ren
182 3685 30 21 tj.
223 3681 31 25 X
274 3681 65 25 Sark
358 3681 46 28 Jr.,
423 3680 30 26 G.
470 3680 33 25 H.
522 3689 48 17 van
588 3680 90 33 Olpen,
698 3680 24 26 J.
738 3680 76 26 Riem
830 3689 32 18 en
876 3681 27 25 C.
917 3684 27 25 C.
954 3683 104 31 Muller,

117 3713 72 26 allen
207 3713 79 26 thans
302 3712 98 26 tweede
417 3712 115 27 klerken.

146 3746 246 27 •ROTTERDAM,
412 3749 15 21 3
444 3746 58 24 Jan.
536 3745 38 26 De
592 3745 61 25 heer
669 3745 78 26 Louis
763 3746 72 31 Saar,
860 3748 132 26 direkteur
1010 3757 48 17 van

113 3778 47 26 het
178 3777 191 33 hoogduitsche
387 3776 233 37 operagezelschap
637 3778 90 27 alhier,
744 3780 72 26 heeft
837 3780 31 26 de
879 3780 181 33 uitnoodiging

117 3819 195 26 aangenomen,
338 3819 41 18 om
403 3813 27 24 te
454 3810 105 27 Brussel
585 3819 31 18 en
638 3813 27 24 te
681 3811 158 33 Antwerpen
856 3813 91 25 enkele
966 3821 77 30 opera-

116 3844 89 25 voorst
209 3843 112 31 ..•Hingen
340 3844 26 24 te
384 3852 89 25 geven.
500 3843 90 26 Heden
607 3844 72 25 reeds
697 3844 85 25 wordt
790 3844 113 24 daaraan
914 3846 94 32 gevolg
1017 3854 28 24 ge-

122 3882 84 25 geven
223 3876 52 24 met
293 3875 30 25 de
340 3875 142 34 opvoering
497 3883 51 18 van
565 3876 163 25 Beethovens
745 3875 97 25 Fidelio
852 3876 26 24 te
887 3875 167 34 Antwerpen.

152 3907 217 30 'ZAANDAM.
397 3911 15 24 3
438 3908 58 27 Jan.
523 3907 152 28 Gedurende
704 3909 61 24 1869
781 3907 50 32 zijn
848 3907 84 28 alhier
947 3908 111 33 geboren

125 3943 45 24 164
197 3950 32 18 m.
255 3950 32 18 en
315 3945 45 22 165
377 3950 41 22 v.;
441 3941 136 25 overleden
606 3943 46 24 170
676 3946 33 17 m.
736 3947 33 17 en
789 3943 45 24 173
850 3947 39 24 v.;
906 3941 154 27 voltrokken

124 3977 44 22 104
187 3973 162 31 huwelijken;
366 3972 183 31 twe.linggeb.
568 3974 22 27 4;
608 3970 110 27 onechte
735 3970 57 33 geb.
810 3974 21 22 2.

148 4009 12 30 §
170 4002 178 33 HOUTRIJK
366 4012 33 18 en
417 4004 181 31 POLANEN,
615 4007 17 21 3
648 4003 59 27 Jan.
737 4003 76 27 Door
829 4005 46 27 het
891 4005 152 30 diakoniebe-

112 4042 77 24 stuur
214 4041 47 24 der
286 4038 57 25 ned.
366 4038 72 24 herv.
464 4038 133 28 gemeente
622 4037 21 24 is
670 4038 146 35 ontvangen
842 4046 51 18 van
918 4041 33 24 H.
977 4041 32 25 K.
1025 4041 33 26 H.

112 4072 106 24 Prinses
236 4069 117 26 Hendrik
373 4069 44 24 der
436 4067 180 28 Nederlanden
644 4076 46 17 een
715 4069 66 26 fraai
808 4069 113 28 bewerkt
943 4071 99 34 kanapé-

112 4104 109 28 kussen,
248 4111 40 18 om
306 4106 27 22 te
350 4101 92 27 dienen
458 4101 40 28 als
516 4102 63 33 prijs
595 4102 27 25 in
640 4109 61 18 eene
718 4101 77 27 dezer
810 4102 84 35 dagen
911 4106 28 26 te
956 4106 104 26 houden

112 4137 131 32 verloting
268 4137 45 24 ten
332 4134 112 26 behoeve
462 4142 76 18 eener
555 4142 32 25 op
604 4135 27 24 te
647 4134 107 26 richten
771 4135 77 27 naai-
867 4144 31 18 en
914 4137 145 27 breischool

116 4169 90 25 alhier.

151 4201 105 30 *URK,
274 4204 33 24 30
322 4200 63 27 Dec.
418 4200 39 27 De
476 4200 120 28 kollekte,
614 4200 137 32 gehouden
767 4209 32 24 op
816 4201 241 35 denjaarlijkschen

118 4234 122 32 dankdag
249 4241 63 17 voor
327 4233 32 25 de
377 4233 130 30 visscherij
517 4233 26 25 in
562 4233 30 24 de
601 4232 157 32 christelijke
777 4233 202 31 gereformeerde
996 4227 64 34 kerk

118 4266 91 31 alhier,
233 4267 46 25 ten
294 4265 115 27 behoeve
426 4273 51 19 van
494 4263 31 30 de
542 4264 131 28 weduwen
697 4266 25 24 te
741 4265 128 34 Katwijk,
894 4266 165 34 Noordwijk,

115 4299 202 30 Scheveningen,
334 4298 189 31 Vlaardingen,
542 4297 177 31 Zwartewaal,
738 4294 183 37 Terschelling,
940 4300 103 25 Enkhui-

116 4338 44 17 zeu
178 4339 31 17 eu
229 4330 70 31 Urk,
330 4330 40 26 die
396 4331 25 24 in
439 4330 31 25 de
494 4330 104 32 jongste
615 4331 115 24 stormen
746 4329 64 26 hare
828 4338 112 19 mannen
958 4331 103 27 hebben

116 4363 123 27 verloren,
256 4363 72 25 heeft
346 4363 158 33 opgebracht
523 4362 31 25 de
572 4370 54 18 som
644 4370 48 17 van
705 4364 25 30 ƒ
748 4367 99 21 138.33.

150 4395 13 13 *
181 4395 177 30 UTRECHT,
374 4398 17 21 3
406 4395 58 25 Jan.
501 4394 120 27 Gisteren
647 4395 84 25 avond
756 4394 21 25 is
798 4403 48 17 aan
863 4396 46 25 het
926 4396 53 26 fort
1000 4396 59 26 //het

279 4427 70 33 nabij
366 4427 61 27 deze
444 4427 67 30 stad,
529 4434 46 18 een
592 4426 116 27 misdaad
725 4426 139 35 gepleegd,
883 4428 43 27 die
941 4437 52 25 nog
1015 4428 31 27 be-

117 4460 138 32 trekkelijk
273 4459 126 33 gelukkig
415 4460 21 25 is
454 4459 159 33 afgeloopen,
630 4460 64 25 daar
711 4459 45 26 het
772 4460 50 26 den
839 4461 41 25 tot
895 4469 53 25 nog
964 4463 43 24 toe
1016 4469 31 18 on-

118 4491 132 27 bekenden
269 4493 158 31 misdadiger
444 4492 97 26 slechts
559 4492 91 33 gelukt
666 4493 22 24 is
705 4492 54 25 drie
777 4500 124 25 personen
908 4494 26 25 te
946 4501 98 18 verwon-

116 4524 67 27 il.-ii,
202 4524 241 33 niettegenstaande
461 4525 37 31 hij
516 4525 46 25 het
579 4532 74 25 erger
669 4524 93 26 scheen
777 4517 112 35 bedoeld
907 4527 26 24 te
951 4526 107 25 hebben.

117 4557 149 25 Omstreeks
281 4560 18 21 8
314 4564 50 18 uur
380 4558 43 24 zat
439 4557 32 25 de
489 4557 168 25 fortwachter
666 4557 117 25 Lubbers
790 4559 53 22 met
853 4566 87 17 vrouw
950 4566 31 15 en
989 4559 72 28 kind,

118 4593 31 20 en
161 4589 86 32 .enige
265 4589 200 28 nabestaanden,
475 4589 83 33 rustig
567 4589 26 26 in
602 4589 64 33 zijne
677 4589 94 27 kamer,
789 4589 59 26 toen
857 4589 64 31 zich,
931 4598 63 18 naar
1003 4596 58 21 men

117 4622 139 28 vermoedt,
275 4629 45 18 een
338 4622 137 26 artillerist
493 4629 61 19 voor
576 4622 32 26 de
626 4629 87 19 ramen
732 4623 148 30 vertoonde,
888 4625 54 24 met
951 4624 110 32 geladen

115 4654 117 25 revolver
250 4661 31 18 en
301 4654 79 25 onder
398 4654 48 25 den
464 4654 115 32 uitroep:
599 4652 184 28 «hedenavond
803 4654 21 26 is
842 4655 45 25 het
895 4656 53 25 niet
957 4656 103 25 ulieden

275 4685 46 26 het
339 4693 90 25 wapen
446 4685 135 30 afschoot,
598 4687 136 26 waardoor
751 4687 31 26 de
801 4687 169 26 fortwachter
986 4687 74 34 langs

116 4711 50 31 den
183 4717 71 32 slaap
272 4726 50 18 van
340 4717 46 26 het
404 4717 86 31 hoofd,
507 4719 43 26 tot
566 4719 91 26 achter
673 4719 46 26 het
737 4727 53 20 oor,
808 4727 31 18 en
855 4720 66 25 twee
940 4721 46 24 der
994 4728 50 17 aan-

115 4749 122 31 wezigen,
255 4756 47 18 een
321 4749 74 32 langs
412 4750 32 25 de
462 4750 74 32 heup,
554 4750 32 25 de
604 4750 80 25 ander
702 4752 74 32 langs
794 4750 45 25 het
855 4750 66 26 been
934 4752 126 33 getroffen

116 4775 110 32 werden.
252 4780 39 27 De
307 4789 87 19 vrouw
412 4791 59 19 nam
487 4783 54 25 met
556 4782 46 26 het
620 4782 61 27 kind
699 4783 32 26 de
749 4783 99 30 vlucht,
865 4792 31 18 en
913 4783 45 27 het
966 4785 94 33 schijnt

118 4813 47 24 dat
182 4813 31 25 de
229 4814 135 24 onverlaat
379 4822 51 17 van
446 4815 32 25 de
496 4814 157 31 verwarring
671 4815 71 25 heeft
757 4815 111 32 gebruik
876 4817 129 32 gemaakt,
1017 4824 41 18 om

116 4844 28 25 te
162 4843 155 33 ontkomen;
334 4846 70 25 want
419 4846 123 27 ofschoon
559 4847 25 25 al
601 4846 31 26 de
652 4853 116 27 muggen
784 4856 51 18 van
852 4847 45 27 het
914 4848 52 27 fort
974 4856 86 20 waren

119 4876 155 34 opgehaald,
291 4876 71 27 heeft
379 4885 58 18 men
454 4878 34 34 bij
506 4878 46 27 het
569 4879 78 34 begin
663 4880 47 27 der
725 4880 172 34 nasporingen
914 4881 76 26 reeds
1002 4883 45 25 ont-

123 4905 79 32 dekt,
219 4909 46 26 dat
281 4910 66 25 twee
364 4917 86 18 waren
465 4911 165 33 neergelaten
664 4912 39 26 De
720 4915 154 25 verwonden
891 4915 50 32 zijn
956 4915 87 26 onmid-

123 4941 90 34 dellijk
229 4941 154 33 verpleegd,
399 4942 93 33 terwijl
510 4943 32 26 de
559 4951 96 24 vrouw,
672 4944 40 27 die
731 4946 71 33 zegt,
819 4945 46 27 dat
881 4946 32 33 zij
930 4946 50 27 den
996 4946 50 27 mis-

122 4974 109 33 dadiger
248 4974 48 26 wel
314 4981 47 19 zou
378 4974 104 26 kunnen
497 4975 156 31 herkennen,
671 4978 48 25 den
725 4976 126 39 geheelen
861 4980 79 25 nacht
948 4980 54 25 met
1011 4980 50 26 den

119 5006 281 33 plaatskommandant,
418 5006 32 26 de
463 5006 104 33 justitie
585 5016 31 18 en
633 5009 32 26 de
681 5008 90 33 politie
781 5010 171 34 nasporingen
960 5011 100 33 gedaan

119 5040 81 32 heeft,
219 5040 43 26 tot
278 5047 52 25 nog
346 5039 43 26 toe
405 5039 113 27 evenwel
536 5040 170 27 vruchteloos.
725 5041 32 26 In
772 5042 32 26 de
813 5042 110 27 kazerne
932 5043 47 26 der
986 5043 63 27 artil-

118 5074 65 28 lerie
209 5072 72 27 heeft
307 5072 84 26 heden
412 5072 112 26 ochtend
542 5080 46 18 een
605 5072 198 34 buitengewoon
819 5075 76 33 appèl
911 5075 86 33 plaats
1012 5085 33 25 ge-

118 5107 111 28 vonden,
247 5105 67 27 doch
331 5112 123 19 eveneens
471 5104 94 28 zonder
581 5105 136 27 resultaat.
735 5106 63 27 Men
809 5106 84 28 houdt
901 5107 46 26 het
956 5117 28 18 er
992 5117 69 24 voor,

115 5141 47 25 dat
190 5139 89 26 wraak
304 5145 63 19 over
390 5137 165 26 dienstzaken
581 5137 48 27 wel
647 5138 32 26 de
696 5139 170 27 aanleidende
883 5140 109 27 oorzaak
1010 5141 51 26 kan

113 5173 113 34 geweest
247 5172 58 32 zijn,
321 5170 139 41 aangezien
477 5171 33 26 de
527 5171 208 33 tegenwoordige
744 5171 169 27 fortwachter
921 5176 66 24 eerst
998 5173 47 26 kor-

116 5205 47 27 ten
180 5204 48 31 tijd
240 5203 113 40 geleden
371 5203 41 26 tot
430 5203 60 26 deze
508 5202 156 34 betrekking
680 5204 21 25 is
718 5204 158 32 aangesteld.

152 5239 14 27 §
183 5231 157 34 ZTWOLLE,
358 5238 17 24 2
391 5235 59 27 Jan.
472 5235 54 27 Een
543 5235 182 34 eigenaardige
742 5236 177 35 plechtigheid
934 5238 52 26 had
1005 5238 56 27 hier

122 5269 84 27 h<—en
221 5269 93 33 plaats.
333 5269 53 31 Vijf
400 5277 32 15 en
451 5269 85 32 vijftig
554 5268 194 34 oudleerlingen
764 5278 50 17 van
830 5271 45 26 Dr.
894 5270 27 28 C.
931 5271 33 26 H.
984 5271 61 27 Thie-

119 5301 80 30 bout,
224 5300 41 26 die
281 5300 28 26 in
327 5300 64 26 Juni
407 5300 27 26 11.
452 5307 34 19 na
503 5308 47 18 een
568 5301 144 39 44-jarigen
725 5302 135 32 diensttijd
875 5303 65 32 zijne
957 5304 90 26 betrek-

117 5334 64 32 king
197 5333 39 26 als
253 5333 90 26 rektor
358 5340 50 18 van
425 5331 46 27 het
488 5331 164 33 gymnasium
667 5331 52 26 had
731 5331 180 40 nedergelegd,
919 5334 85 26 boden
1012 5335 48 26 den

116 5366 146 32 waardigen
280 5365 126 39 grijsaard
424 5372 46 19 een
491 5365 130 32 geschenk
639 5373 56 22 aan,
712 5365 39 26 als
768 5365 70 27 klem
855 5366 87 34 bewijs
958 5366 103 27 hunner

118 5398 196 26 dankbaarheid
331 5404 61 19 voor
406 5396 47 26 het
470 5391 54 32 vele
542 5398 97 32 goede,
657 5398 45 26 dat
718 5398 31 33 zij
768 5405 61 19 voor
847 5399 87 25 hunne
951 5400 94 25 ontwik-

123 5430 89 33 keling
229 5438 32 18 en
276 5430 120 31 vorming
412 5438 50 18 aan
477 5430 60 26 hem
554 5431 26 25 te
596 5430 103 26 danken
715 5430 109 26 hadden.

148 5463 56 25 Met
230 5471 46 18 een
302 5460 139 34 hartelijke
471 5470 32 19 en
528 5463 164 26 uitnemende
716 5463 137 33 toespraak
869 5463 191 31 overhandigde

118 5493 50 27 Mr.
185 5494 31 27 R.
235 5494 30 27 G.
282 5494 151 33 Philipson,
451 5502 106 20 namens
575 5494 31 27 de
622 5494 209 34 oudleerlingen,
859 5494 50 27 den
933 5494 128 34 geliefden

118 5526 164 27 leermeester
299 5536 46 18 een
371 5528 120 33 prachtig
508 5528 87 26 album
613 5529 53 25 met
686 5528 31 26 de
735 5529 146 32 portretten
898 5522 46 33 der
960 5528 86 27 deelne-

118 5556 110 27 _.enden
240 5577 6 9 ,
269 5558 128 26 benevens
416 5561 31 25 de
464 5559 96 26 Bivina
575 5561 139 26 Comoedia
731 5569 50 18 van
801 5561 86 26 Dante
907 5569 31 18 en
954 5561 32 26 de
1004 5562 57 25 Don

118 5589 142 32 Quichotte
275 5597 51 18 van
343 5593 156 31 Cervantes,
519 5593 54 26 met
589 5591 32 27 de
638 5600 124 26 gravures
778 5601 50 19 van
844 5593 116 27 Gustave
977 5593 76 27 Doré.

154 5621 35 24 I>o
217 5621 136 31 hartelijke
379 5624 135 28 woorden,
540 5626 142 25 waarmede
707 5626 44 26 Dr.
770 5626 130 26 Thiebout
917 5626 64 33 zijne
999 5619 46 33 oud-

118 5652 144 31 leerlingen
279 5653 129 27 bedankte
425 5665 63 18 voor
503 5656 39 26 dit
561 5656 86 39 bewijs
667 5665 51 19 van
735 5657 86 32 hulde,
837 5659 85 26 zullen
940 5657 50 27 den
1000 5666 46 19 aan-

118 5692 128 25 geuamcn
269 5685 93 26 indruk
390 5696 48 17 van
456 5689 39 25 dit
514 5689 66 26 feest
596 5689 35 33 bij
647 5691 78 31 allen,
743 5682 40 34 die
798 5691 196 33 tegenwoordig
1011 5700 33 17 wa-

122 5724 56 21 ren,
195 5724 52 22 nog
262 5717 154 34 verhoogen.

151 5750 13 13 *
182 5746 130 33 WIJHE,
335 5753 18 21 3
377 5750 77 33 Jan_
462 5751 47 26 De'
517 5753 158 26 waterstand
696 5763 32 26 op
746 5754 50 26 den
815 5756 80 26 IJssel
914 5764 52 18 was
986 5756 26 26 in
1031 5756 30 26 de

123 5781 97 26 laatste
246 5780 81 32 dagen
345 5790 45 17 zoo
405 5783 85 32 hoog,
506 5784 45 24 dat
568 5785 56 25 vele
640 5787 92 24 akkers
751 5789 53 24 met
822 5796 80 24 graan
921 5789 74 26 bezet
1012 5797 33 25 ge-

128 5811 145 30 innndeerd
293 5812 110 26 werden.
437 5815 118 31 Dadelijk
575 5815 133 31 koesterde
728 5828 58 18 men
806 5819 31 26 de
853 5828 87 25 vrees,
959 5822 46 26 dat
1020 5822 40 26 dit

122 5854 87 33 graan
234 5844 118 25 verloTen
369 5854 47 15 zou
432 5854 67 21 gaan
520 5844 61 27 door
599 5848 30 25 de
646 5849 79 25 harde
742 5851 145 31 ingevallen
904 5854 78 26 vorst.
1010 5854 51 26 Het

122 5880 81 32 blijkt
222 5877 91 26 echter
327 5877 86 27 thans,
431 5875 46 26 dat
494 5877 46 24 het
555 5878 176 30 hoegenaamd
749 5883 67 24 niets
828 5884 106 31 geleden
948 5885 111 27 heeften

119 5913 50 26 dat
185 5910 73 27 vorst
276 5917 33 19 en
327 5909 83 25 water
425 5908 64 25 zelfs
506 5916 57 18 zeer
580 5911 106 31 gunstig
703 5920 32 25 op
751 5913 46 25 dat
816 5915 111 31 produkt
944 5919 117 31 gewerkt

118 5944 116 26 hebben.

152 5980 12 12 *
182 5974 244 30 MIDDELBURG,
444 5975 15 24 3
477 5973 59 26 Jan.
562 5973 90 25 Heden
669 5974 72 25 heeft
757 5976 44 24 ten
820 5979 137 25 raadhuize
973 5980 83 26 alhier

115 6012 37 34 bij
169 6011 91 28 enkele
285 6006 174 33 inschrijving
483 6006 31 25 de
530 6005 188 33 aanbesteding
742 6006 85 33 plaats
843 6009 84 31 gehad
945 6019 48 18 van
1013 6013 45 26 het

113 6046 104 26 leveren
243 6052 51 20 van
319 6044 107 28 280,000
451 6039 73 26 stuks
542 6035 167 37 wigvormige
726 6039 180 27 waalsteenen.
935 6043 126 26 Hiervoor

117 6085 52 18 was
183 6078 46 25 het
247 6078 79 25 minst
346 6073 185 34 ingeschreven
549 6071 64 26 door
630 6070 51 26 den
698 6070 60 25 heer
777 6071 51 25 Ws.
844 6078 51 19 van
914 6072 57 32 Uije
980 6073 81 26 alhier

113 6117 66 20 voor
197 6117 60 19 eene
275 6117 54 19 som
347 6117 50 18 van
415 6106 157 32 ƒ5519.20.

148 6143 13 13 *
178 6141 327 27 BERGEN-OP-ZOOM,
524 6142 28 22 31
574 6137 60 26 Dec.
654 6135 117 32 Vroolijk
781 6135 154 32 wapperden
948 6137 113 28 gisteren

115 6181 51 19 van
183 6172 50 27 den
252 6182 110 22 vroegen
379 6182 106 26 morgen
502 6181 31 18 en
550 6178 53 26 nog
625 6169 81 27 heden
725 6165 31 30 de
778 6163 202 30 vaderlandsche
998 6168 52 25 drie-

116 6207 76 25 kleur
219 6214 31 18 _n
275 6204 132 28 ontelbare
426 6206 168 35 seinvlaggen
614 6206 22 25 S.
661 6202 26 26 V.
700 6200 25 30 S.
745 6209 50 18 van
814 6208 46 19 een
879 6200 89 28 70-tal
985 6207 61 19 vaar-

115 6237 93 30 tuigen
224 6237 97 24 binnen
338 6239 59 24 deze
416 6240 90 26 haven,
524 6246 31 20 en
575 6240 37 25 uit
631 6231 31 33 de
680 6235 137 32 woningen
834 6233 45 28 der
889 6231 72 28 leden
973 6240 48 18 van
1032 6233 30 24 de

115 6268 86 26 alhier
217 6268 150 38 gevestigde
385 6270 298 32 schippersvereeniging
700 6268 182 28 Sehuttevaêr,
896 6267 33 32 bij
941 6265 106 34 gelegen-

117 6300 63 27 heid
191 6319 5 11 ,
223 6300 46 25 dat
294 6300 30 32 zij
351 6300 61 26 hare
432 6305 81 24 eerste
530 6304 148 35 algemeene
693 6302 174 34 vergadering
885 6298 70 28 hield
972 6299 26 26 in
1018 6299 44 25 het

116 6332 141 27 koffiehuis
274 6328 30 26 de
326 6332 92 26 Draak,
438 6334 110 25 waartoe
563 6335 32 24 «le
613 6338 54 22 zaal
685 6337 66 25 fraai
770 6333 175 34 gedekoreertl
961 6339 32 19 en
1007 6331 54 27 met

115 6361 136 30 nationale
268 6369 31 17 en
314 6360 164 34 seinvlaggen
490 6365 109 26 versierd
609 6374 58 18 was.
686 6369 66 26 Deze
763 6366 177 34 bijeenkomst,
951 6364 110 28 behalvo

113 6398 65 26 door
204 6394 34 27 lil.
256 6402 33 18 m.
308 6400 46 17 een
372 6393 86 25 50-tal
477 6394 80 28 leden,
576 6398 60 24 door
657 6399 54 25 vele
719 6399 122 27 notabele
850 6402 168 33 ingezetenen
1028 6405 31 19 en

113 6424 163 33 handelaren
294 6424 170 44 bijgewoomj,
481 6425 79 32 droeg
578 6426 96 33 blijken
690 6437 50 19 van
751 6441 66 18 ware
827 6433 133 27 harmonie
969 6442 32 19 en
1010 6439 33 28 ge-

113 6462 92 35 tuigde
224 6461 47 27 hoe
289 6467 59 20 zeer
364 6465 57 19 men
439 6457 178 34 doordrongen
635 6468 52 18 was
705 6469 50 19 van
771 6464 46 26 het
836 6469 90 28 groote
938 6468 58 27 doel
1004 6468 54 27 met

113 6498 33 26 de
172 6494 145 34 inrichting
335 6490 109 35 beoogd,
462 6490 94 32 terwijl
576 6490 51 26 alle
643 6491 135 33 belangen,
794 6498 53 24 met
863 6500 31 24 de
912 6501 145 32 schipper»,

112 6529 105 30 handel,
236 6526 151 35 nijverheid,
405 6531 53 19 enz.
478 6530 27 18 m
526 6522 156 34 betrekking
700 6526 113 28 staande,
836 6530 100 26 werden
954 6531 89 34 bespro-

113 6562 59 27 ken.
207 6562 70 26 Deze
300 6557 174 35 vergadering
491 6555 52 33 liep
561 6554 27 26 in
606 6555 60 26 echt
683 6554 187 35 broederlijken
887 6561 41 26 rin
941 6563 41 25 tot
991 6566 66 26 aller

112 6601 133 26 genoegen
263 6593 33 26 af.

145 6626 14 32 §
176 6622 241 32 MAASTRICHT,
442 6624 17 27 2
484 6619 59 28 Jan.
576 6619 100 30 Binnen
694 6619 60 30 kort
774 6619 86 30 zullen
876 6627 123 30 vanwege
1011 6625 47 27 het

113 6658 102 34 depart.
239 6665 51 20 van
305 6658 128 27 flnanti.n
450 6652 87 31 weder
560 6652 219 41 domeingronden
796 6652 102 31 w«rden
915 6654 142 35 verkocht;

112 6689 47 28 het
184 6687 56 30 laat
265 6689 57 28 zich
347 6690 124 27 aantien,
491 6685 46 27 dat
555 6685 48 33 die,
621 6686 133 30 uithoofde
772 6685 32 31 de
816 6685 122 39 gunstige
948 6686 109 40 ligging,

113 6725 64 25 voor
202 6717 161 39 Uitbreiding
387 6719 46 31 d««r
459 6717 143 31 bebouwde
628 6723 133 32 gemcenta
789 6725 58 25 ïaer
870 6717 111 41 g._ochï
999 6717 43 31 __l-

113 6752 44 31 i.n
175 6755 56 31 ijjn,

1990 1303 20 1 WEERKUNDIGE
2011 1303 24 2 WAARNEMINGEN.

1945 698 22 15 4
1944 732 26 109 Januari
1938 860 30 26 (8
1945 902 17 45 ure
1944 964 18 44 des
1944 1024 5 198 voormiddags).

1880 378 12 161 Barometer-
1881 588 12 89 Wind-
1883 718 14 4 i
1871 784 19 171 \vin„Vri..„+
1883 1039 2 149 Thermom.
1878 1431 25 130 Toestand

1848 387 5 139 afwijking,
1848 569 5 126 richting.
1832 717 51 6 |
1864 1024 13 2 ,
1847 1058 18 99 Colgius
1847 1279 17 31 de
1861 1312 2 14 _
1846 1341 25 74 lucht
1845 1596 19 45 der
1860 1657 2 26 __
1845 1688 18 13 e

1781 141 18 149 Groningen
1789 411 4 31 —
1782 478 22 43 1.1
1785 622 4 26 Z.
1782 873 24 17 0
1780 1063 15 31 4-
1781 1129 24 47 4.4
1780 1296 18 103 nevelig
1787 1633 5 32 —

1749 141 18 164 Nieuwèdiep
1756 411 4 32 —
1749 474 22 51 2.4
1752 622 4 26 Z.
1750 874 21 15 6
1747 1063 25 115 +6.6
1754 1335 6 33 —
1747 1603 19 105 deining

1717 142 24 152 Maastricht
1723 412 4 31 —
1717 478 22 46 1.2
1717 585 6 94 Z.Z.W.
1717 872 22 17 5
1722 1111 6 33 —
1722 1331 5 33 —
1721 1637 6 31 —

1684 143 17 142 Vlissingen
1691 412 2 31 —
1684 475 22 50 2.8
1685 543 2 4 .
1685 576 5 117 Z.W.t.Z.
1684 861 24 30 15
1691 1111 4 32 —
1682 1293 26 112 bewolkt
1688 1635 6 32 —

1649 144 27 220 W.-Hartlcpool.
1658 412 4 31 —
1650 476 25 48 8.9
1650 543 26 106 !Z.
1649 856 18 239 —4-
1649 1128 26 48 7.2
1643 1319 33 64 goed
1650 1618 18 70 kalm

1618 144 25 139 Yarmouth
1625 459 5 32 —
1616 543 38 5 I
1619 585 5 94 Z.Z.W.
1628 856 4 33 —
1625 1113 5 31 —
1617 1293 25 112 bewolkt
1623 1638 6 31 —

1585 142 26 168 Portsmouth
1593 413 2 31 —
1585 476 24 45 4.1
1579 544 8 2 ,
1586 568 5 110 W.Z.W.
1594 856 4 33 —
1592 1064 17 112 -1-8.9
1584 1281 19 142 betrokken
1584 1554 19 83 matig
1577 1644 32 115 golvend

1552 142 26 139 Falmouth
1559 461 12 54 —'
1554 624 5 27 Z.
1561 857 4 32 —
1560 1111 5 32 —
1544 1318 33 65 goed
1558 1636 5 31 —

1519 143 18 94 Nairne
1527 413 17 136 —12.2!
1520 601 5 67 Z.W.
1521 836 26 72 zwak
1527 1063 17 30 -f
1521 1128 22 50 5.0
1519 1279 19 143 betrokken
1519 1619 19 72 kalm

1486 142 19 118 Valentiil
1494 413 4 31 —
1487 465 24 61 13.2
1485 544 32 5 i
1488 615 4 40 W.
1488 777 18 106 frissche
1488 893 5 76 bries.
1492 1067 13 21 *
1488 1128 22 46 6.1
1487 1240 18 66 idem
1486 1324 19 81 buijig
1480 1424 31 28 (')
1486 1631 27 46 hol

1453 141 19 221 Northshiclds...
1461 412 5 32 —
1454 463 22 61 11.9
1453 544 31 5 i
1455 602 5 69 Z.W.
1455 826 5 90 matig.
1454 1064 26 30 +
1455 1127 24 50 5.6
1453 1289 6 123 bewolkt.
1454 1603 18 106 deining

1421 141 19 130 Penzance
1429 412 4 32 —
1421 475 24 47 8.1
1416 546 33 4 \
1422 601 5 69 Z.W.
1423 866 2 9 _
1421 1063 25 113 4-9.4
1423 1344 12 12 »
1414 1382 31 31 (»)
1414 1594 32 112 golvend

1388 141 18 85 Havre
1396 412 5 31 —
1388 475 24 51 3.2
1380 544 34 5 j
1388 601 6 71 Z.W.
1389 776 18 106 frissche
1389 895 18 69 bries
1385 1064 28 113 4-11.0
1388 1280 19 144 betrokken
1388 1626 19 45 zee

1355 141 26 76 Brest
1363 459 5 430 _____
1365 1113 2 31 _
1363 1337 5 31 _
1362 1636 6 32 _

1322 141 18 83 Parijs
1331 411 4 32 —
1324 478 24 46 1.0
1323 605 6 59 Z.O.
1324 808 17 70 bijna
1323 887 6 54 stil.
1320 1069 30 26 +
1324 1129 24 48 8.5
1325 1222 4 154 betrokken,
1323 1385 19 78 regen
1329 1636 6 32 —

1183 667 73 44 i_
1256 711 17 8 ï
1256 736 15 159 Nederland:
1254 914 19 146 Groningen
1256 1085 22 44 1.7
1256 1146 6 64 mM.
1257 1227 2 154 Vlissingen.

1191 687 18 32 In
1191 735 26 46 het
1183 797 22 104 geheel:
1196 970 5 32 —
1191 1069 24 57 11.1
1193 1180 12 12 »
1191 1226 4 106 Nairne.

1149 204 25 67 Doet
1150 289 18 163 verwachten
1152 469 17 122 zwakken
1152 608 5 25 Z.
1152 652 17 31 Eu
1152 693 5 97 Z.Z.W.
1153 808 2 76 wind.

1110 204 30 30 (')
1115 252 24 17 6
1117 286 4 24 u.
1116 326 6 61 reg,
1110 404 12 57 gev.
1117 478 24 47 5.8
1119 541 5 63 mM.
1113 802 31 30 (s)
1119 850 21 15 2
1119 882 5 25 u.
1120 925 4 63 reg.,
1110 1005 12 56 gev.
1119 1078 21 47 0.8
1117 1142 7 66 mM.

1175 1840 455 40 INGEZONDEN
1656 1841 359 40 STUKKEN.

1119 1933 104 32 AAN
1246 1933 155 32 ALLEN
1426 1933 80 32 DIE
1528 1933 181 32 BELANG
1734 1933 206 32 STELLEN
1968 1933 47 32 IN

1165 1977 117 32 EENE
1311 1976 455 32 RECHTSTREEKSCHE
1796 1976 146 33 STOOM-

1187 2020 163 33 VAART
1357 2017 286 34 VERBINDING
1668 2019 96 33 VAN
1785 2020 138 34 NEDER-

1281 2063 131 31 LAND
1436 2063 97 31 MET
1557 2063 40 32 N.
1622 2063 230 33 AMERIKA.

1129 2105 100 27 Zoodra
1246 2105 46 27 het
1311 2105 142 28 denkbeeld
1469 2114 76 18 eener
1554 2106 99 28 direkte
1665 2108 314 39 stoomvaartverbindiiig
1989 2118 48 17 van

1097 2138 149 27 Nederland
1261 2140 53 24 met
1331 2139 32 26 N.
1382 2139 122 26 Amerika
1521 2139 119 34 levendig
1657 2141 70 25 werd
1744 2141 79 26 onder
1833 2141 45 26 het
1887 2133 137 34 nederland-

1096 2172 59 26 scbe
1173 2171 112 33 publiek,
1303 2172 105 26 vormde
1424 2172 56 26 zich
1498 2172 48 26 ook
1566 2173 27 26 te
1611 2173 144 39 Vlissingen
1766 2181 46 18 een
1821 2173 111 27 komitee
1943 2177 40 24 tot
1995 2174 28 26 be-

1097 2205 137 38 vordering
1251 2205 54 26 dier
1322 2205 63 26 zaak
1402 2213 32 19 en
1450 2213 50 18 van
1519 2205 59 26 dien
1593 2205 48 34 tijd
1658 2206 30 26 af
1709 2205 103 27 hebben
1835 2206 32 26 de
1892 2206 48 34 vijf
1956 2207 81 31 leden,

1096 2238 40 25 die
1156 2238 91 25 daarin
1267 2238 56 25 deel
1342 2238 109 30 hebben,
1467 2238 56 26 niet
1539 2238 170 32 opgehouden
1726 2246 41 18 om
1792 2239 56 26 zich
1865 2239 65 26 door
1946 2241 77 25 onder-

1096 2270 61 26 zoek
1174 2278 32 18 en
1224 2270 85 25 studie
1325 2271 27 25 te
1367 2271 115 32 brengen
1499 2278 32 24 op
1548 2270 31 25 de
1590 2271 94 32 hoogte
1696 2271 45 25 der
1750 2271 113 26 kwestie.
1881 2271 56 26 Met
1946 2281 73 17 nauw-

1096 2303 135 33 gezetheid
1247 2302 103 26 hebben
1368 2304 30 31 zij
1419 2303 31 25 de
1467 2302 185 26 verschillende
1672 2304 120 31 plannen,
1800 2304 39 26 die
1850 2304 57 26 zich
1916 2304 123 26 vormden

1096 2342 135 26 nagegaan
1247 2343 32 17 en
1298 2343 117 17 wanneer
1433 2335 31 32 zij
1481 2342 35 18 nu
1538 2342 60 18 eene
1617 2335 132 33 uitspraak
1773 2336 177 27 daaromtrent
1976 2336 46 27 dur-

1096 2376 50 18 ven
1166 2367 65 27 doen
1248 2367 27 26 in
1291 2367 47 26 het
1358 2368 113 33 publiek,
1489 2367 51 26 dan
1559 2367 21 26 is
1598 2367 39 26 dit
1655 2368 89 26 omdat
1762 2368 31 26 de
1811 2369 87 33 innige
1924 2370 99 25 overtui-

1096 2401 64 35 ging
1175 2400 35 32 bij
1228 2400 52 25 hen
1298 2400 119 33 levendig
1434 2400 30 30 is,
1483 2400 45 25 dat
1546 2399 56 26 hun
1617 2401 104 26 oordeel
1737 2402 89 25 steunt
1845 2409 32 25 op
1897 2402 80 32 goede
1995 2402 28 26 de-

1096 2432 92 33 gelijke
1206 2431 124 33 gronden.

1128 2465 102 25 Binnen
1246 2463 107 35 weinige
1371 2463 83 33 dagen
1465 2471 31 18 en
1513 2463 46 26 dat
1569 2463 48 26 wel
1625 2471 33 26 op
1676 2464 48 27 den
1742 2465 66 27 4den
1826 2473 33 19 en
1870 2466 65 26 sden
1955 2467 80 31 dezer,

1096 2497 84 25 wordt
1196 2497 64 24 door
1278 2497 31 25 de
1328 2500 65 21 Kon.
1414 2496 65 25 Ned.
1498 2497 38 24 St.
1553 2496 188 34 Maatschappij
1759 2499 26 24 te
1806 2490 181 40 Amsterdam,
2004 2506 32 30 op

1096 2530 84 25 nieuw
1196 2528 32 26 de
1246 2528 104 35 leening
1359 2526 167 35 opengesteld
1544 2529 41 25 ter
1593 2529 184 34 onderneming
1787 2538 74 19 eener
1878 2532 158 26 stoomvaart

1096 2571 50 17 van
1170 2561 148 33 Vlissingen
1343 2570 33 22 op
1401 2561 164 31 New-York,
1591 2570 31 15 en
1639 2570 35 15 nu
1701 2564 53 22 met
1774 2564 45 24 het
1835 2564 125 31 bepaalde
1977 2565 59 25 doel

1096 2603 43 17 om
1157 2593 41 25 die
1215 2593 46 34 lijn
1278 2594 53 25 met
1350 2593 31 26 de
1397 2593 185 34 ingeschreven
1599 2593 94 34 gelden
1710 2595 41 24 tot
1768 2595 77 26 stand
1861 2597 27 24 te
1904 2595 132 34 brengen;

1096 2626 94 33 terwijl
1207 2634 28 18 er
1252 2626 85 26 wordt
1352 2635 181 25 aangegeven,
1552 2627 46 26 dat
1617 2627 39 25 als
1674 2626 31 26 de
1722 2627 201 38 inschrijvingen
1939 2630 45 25 het
1993 2637 30 25 ge-

1096 2659 98 32 vraagd
1211 2659 136 26 wordende
1364 2659 116 33 kapitaal
1500 2660 54 25 niet
1584 2660 137 30 bereiken,
1741 2661 41 24 die
1800 2665 54 21 niet
1871 2661 85 26 zullen
1971 2669 50 19 wor-

1098 2693 50 25 den
1166 2699 196 32 aangenomen,
1381 2699 32 17 en
1430 2691 31 25 de
1479 2692 185 32 maatschappij
1682 2692 78 26 afziet
1776 2700 50 19 van
1843 2693 105 27 verdere
1963 2694 59 33 plan-

1097 2732 51 18 nen
1165 2724 41 25 tot
1220 2722 48 26 het
1292 2724 117 32 vestigen
1427 2722 56 26 dier
1500 2725 321 33 stoomvaartverbindiiig.

1129 2756 46 25 Dit
1194 2756 103 25 bericht
1315 2754 66 26 deed
1398 2756 46 25 het
1461 2754 111 26 komitee
1584 2754 135 32 besluiten,
1728 2757 32 25 de
1770 2758 107 33 weinige
1887 2758 135 37 oogenblik-

1096 2787 52 26 ken
1165 2787 41 26 die
1222 2796 52 26 nog
1291 2794 61 19 over
1370 2786 51 35 zijn
1437 2787 26 27 te
1488 2786 169 35 benuttigen,
1676 2797 40 19 om
1726 2789 41 27 tot
1776 2789 46 27 het
1831 2790 106 32 publiek
1946 2791 89 26 enkele

1097 2822 122 25 woorden
1234 2823 26 22 te
1278 2820 102 25 richten
1398 2822 43 24 ter
1455 2820 175 39 voorlichting
1648 2830 32 17 en
1700 2823 41 24 ter
1756 2822 155 34 opwekking
1923 2832 40 17 om
1974 2824 61 26 deze

1097 2852 116 34 waarlijk
1231 2852 132 26 nationale
1380 2852 64 26 zaak
1461 2854 53 25 met
1533 2852 93 27 kracht
1643 2854 27 26 te
1685 2854 117 26 steunen.

1129 2884 54 26 Het
1200 2893 60 25 mag
1277 2885 38 25 als
1331 2884 102 26 bekend
1448 2885 97 33 geacht
1563 2885 104 27 worden
1683 2887 45 26 dat
1754 2887 47 25 het
1826 2885 61 33 plan
1912 2896 51 18 van
1988 2889 48 25 den

1097 2917 63 26 heer
1175 2917 97 26 Jansen
1290 2924 40 19 om
1356 2926 46 18 een
1426 2917 64 26 door
1514 2917 51 26 den
1590 2919 71 25 staat
1680 2917 206 34 gesubsidieerde
1912 2920 47 33 lijn
1987 2928 50 18 van

1100 2950 149 32 Vlissingen
1265 2957 32 25 op
1322 2950 111 25 Norfolk
1457 2950 64 25 daar
1538 2950 26 25 te
1579 2950 110 32 stellen,
1714 2950 32 26 èn
1770 2959 33 26 op
1831 2950 31 27 de
1878 2953 117 34 meeting
2009 2954 27 25 te

1098 2982 120 28 Utrecht,
1239 2982 32 26 èn
1290 2981 63 27 door
1369 2982 46 26 het
1430 2981 106 38 publiek
1553 2982 85 26 sedert
1656 2983 61 32 lang
1733 2983 22 25 is
1776 2989 154 32 Opgegeven.

1130 3015 40 32 Op
1187 3015 40 24 dit
1246 3014 139 33 oogenblik
1403 3014 51 32 zijn
1472 3013 51 25 dan
1539 3014 48 25 ook
1604 3015 97 25 slechts
1717 3015 65 26 twee
1800 3015 111 33 plannen
1920 3017 99 27 aanhan-

1098 3046 51 34 gig,
1166 3047 123 33 namelijk
1307 3046 47 27 dat
1370 3054 51 19 van
1441 3045 30 28 de
1488 3046 66 27 Kon.
1565 3046 65 27 Ned.
1644 3047 344 35 stoomboot-maatschappij
2007 3059 31 17 en

1098 3080 46 25 het
1161 3080 204 26 rotterdamsche
1382 3080 70 33 plan.
1483 3079 71 26 Voor
1572 3086 45 19 ons
1633 3080 41 26 die
1691 3080 31 26 de
1748 3081 61 25 zaak
1826 3084 151 35 nauwgezet
1995 3091 30 18 on-

1098 3112 162 31 derzochten,
1279 3112 51 26 kan
1349 3112 31 27 de
1396 3112 64 27 keus
1475 3112 122 26 tusschen
1622 3112 41 27 die
1680 3113 73 26 beide
1778 3113 56 26 niet
1857 3115 182 34 twijfelachtig

1100 3152 92 20 wezen.
1226 3145 50 33 Wij
1294 3145 123 32 betuigen
1436 3145 98 33 daarbij
1552 3145 47 40 vrij
1617 3145 26 26 te
1661 3145 50 33 ziju
1728 3155 50 17 van
1787 3146 156 33 bekrompen
1954 3149 84 25 lokale

1098 3177 141 26 voorliefde
1265 3185 31 17 en
1319 3178 27 25 in
1372 3184 46 18 ons
1443 3178 103 25 oordeel
1563 3178 84 26 alleen
1663 3178 85 33 geleid
1763 3180 26 25 te
1807 3180 104 25 worden
1928 3180 64 26 door
2008 3181 31 25 de

1100 3209 172 34 overtuiging,
1290 3209 46 27 dat
1354 3209 45 27 het
1415 3209 132 27 nationale
1565 3210 94 33 belang
1676 3210 26 26 in
1720 3210 60 27 deze
1806 3213 231 33 omstandigheden

1100 3243 154 26 uitsluitend
1271 3243 20 25 is
1309 3242 149 26 verbonden
1474 3250 50 17 aan
1533 3242 31 25 de
1573 3243 191 33 onderneming,
1774 3244 40 25 die
1826 3246 63 25 door
1898 3246 31 24 de
1939 3248 83 24 stoom-

1098 3274 265 34 boot-maatschappij
1382 3274 84 25 wordt
1483 3273 107 33 beoogd.

1131 3307 61 27 Wat
1211 3307 22 26 is
1248 3306 46 28 het
1311 3304 133 28 kardinale
1463 3307 67 32 punt
1546 3314 113 18 waarom
1676 3307 56 26 zich
1752 3307 31 26 de
1804 3308 105 39 geheele
1931 3309 107 26 kwestie

1098 3340 118 31 beweegt
1225 3340 13 25 ?
1253 3340 54 24 Dat
1324 3339 31 28 is,
1370 3339 28 24 in
1415 3346 58 18 zeer
1492 3339 73 24 korte
1583 3339 119 26 woorden
1722 3341 104 32 gezegd,
1844 3333 31 34 de
1892 3341 81 33 goede
1987 3341 40 26 vol-

1100 3372 98 25 doende
1214 3370 187 34 gemeenschap
1426 3371 54 25 met
1500 3371 31 26 de
1547 3379 44 17 zee
1607 3379 48 18 aan
1674 3371 30 26 de
1722 3380 59 18 eene
1800 3373 64 33 zijde
1881 3383 32 18 en
1931 3373 32 27 de
1983 3381 43 19 ver-

1098 3404 110 31 binding
1226 3404 52 24 met
1296 3403 45 24 het
1350 3400 170 34 europeesche
1534 3405 181 31 spoorwegnet
1723 3412 50 17 aan
1783 3406 50 22 den
1845 3406 111 25 anderen
1967 3406 71 26 kant.

1130 3435 129 26 Niemand
1274 3433 40 26 die
1324 3435 89 32 eenige
1430 3435 91 25 kennis
1528 3433 86 33 bezit,
1630 3435 79 34 hetzij
1727 3436 63 26 door
1806 3437 74 34 eigen
1898 3439 125 26 aanschou-

1100 3468 70 33 wing
1186 3476 32 18 en
1235 3467 188 34 ondervinding
1448 3467 30 27 of
1499 3468 96 27 slechts
1611 3468 64 27 door
1691 3469 46 27 het
1762 3470 143 27 onderzoek
1923 3471 46 27 der
1996 3471 28 28 be-

1098 3501 106 26 staande
1221 3501 144 30 uitvoerige
1389 3500 161 31 zeekaarten,
1570 3502 39 24 zal
1636 3502 31 24 de
1691 3502 80 31 goede
1796 3496 170 38 gelegenheid
1988 3513 48 15 van

1100 3533 146 31 Vlissingen
1263 3531 103 26 kumieii
1383 3530 164 34 betwijfelen.
1565 3531 69 27 Over
1650 3533 65 27 twee
1741 3533 30 27 of
1785 3530 54 30 drie
1852 3535 84 33 jaren,
1951 3536 86 27 zullen

1098 3565 31 25 de
1146 3565 111 26 schoone
1266 3563 102 32 haven-,
1387 3565 105 26 kanaal-
1505 3575 32 17 en
1553 3567 178 31 spoorwerken
1741 3567 90 25 aldaar
1839 3569 131 32 aanwezig
1980 3569 57 33 zijn,

1098 3606 32 17 en
1148 3598 66 25 niets
1225 3605 69 18 meer
1302 3598 143 25 ontbreken
1454 3606 40 17 om
1507 3599 54 24 met
1577 3600 109 32 gunstig
1695 3599 171 26 vooruitzicht
1877 3600 45 26 het
1931 3602 105 24 verkeer

1097 3630 27 25 te
1142 3637 98 25 openen
1258 3631 53 24 met
1329 3630 231 26 Noord-Amerika.

1133 3663 69 25 Gaat
1218 3670 57 17 men
1293 3670 34 17 nu
1346 3670 33 17 na
1396 3663 46 24 dat
1466 3670 61 17 eene
1547 3663 73 25 reeds
1638 3664 149 31 gevestigde
1804 3665 185 32 maatschappij
2008 3666 30 24 de

1097 3693 110 33 noodige
1225 3692 93 33 gelden
1335 3693 107 33 vraagt,
1461 3700 60 18 eene
1548 3694 184 33 maatschappij
1759 3694 41 27 die
1821 3696 45 26 het
1891 3697 146 33 algemeene

1100 3728 163 25 vertrouwen
1280 3724 26 26 in
1324 3725 46 25 het
1378 3725 63 26 land
1449 3726 103 32 geniet,
1563 3726 40 25 die
1623 3728 63 25 hare
1696 3728 125 33 leerjaren
1838 3729 22 25 is
1876 3729 146 33 doorgewor-

1098 3758 67 26 steld
1182 3767 33 18 en
1232 3765 111 18 mannen
1363 3757 48 26 telt
1429 3757 26 26 iv
1473 3758 64 26 haar
1556 3758 123 32 bestuur,
1697 3759 145 27 doorkneed
1860 3761 27 26 iv
1897 3762 80 26 zaken
1989 3770 50 18 van

1097 3790 97 27 handel
1211 3798 31 18 en
1259 3790 176 34 scheepvaart,
1453 3791 50 26 dan
1521 3800 96 26 vragen
1637 3793 40 33 wij
1695 3793 28 26 of
1737 3800 28 19 er
1787 3793 53 26 ooit
1857 3794 87 27 betere
1964 3795 58 33 gele-

1097 3823 112 34 genhoid
1234 3823 57 27 zich
1313 3824 39 26 zal
1370 3824 104 26 kunnen
1492 3826 144 31 voordoen,
1662 3833 41 19 om
1721 3834 60 18 eene
1798 3827 131 27 nationale
1946 3828 77 26 onder-

1097 3857 105 32 neming
1219 3865 51 18 van
1286 3856 59 25 dien
1363 3857 61 24 aard
1442 3865 33 26 op
1491 3857 47 25 het
1553 3857 104 32 getouw
1674 3859 26 25 te
1717 3859 96 26 zetten.

1129 3888 130 38 Zekerlijk
1284 3895 87 21 meene
1397 3898 58 18 men
1480 3889 54 26 niet
1559 3891 46 26 dat
1629 3891 46 26 het
1693 3891 204 26 rotterdamsche
1923 3891 60 33 plan
2004 3900 32 24 op

1097 3921 138 41 eenijjerlei
1260 3922 71 32 wijze
1356 3922 30 24 de
1410 3922 170 40 vergelijking
1605 3922 51 26 kan
1672 3922 148 26 doorstaan.
1854 3924 182 39 Ongetwijfeld

1098 3953 79 26 zoude
1204 3953 154 26 Rotterdam
1383 3953 38 26 als
1446 3948 162 39 middelpunt
1626 3963 51 18 van
1695 3956 47 26 den
1753 3956 139 32 handel.de
1911 3958 126 24 voorkeur

1097 3985 145 31 verdienen,
1260 3986 94 31 indien,
1372 3994 32 18 en
1423 3986 39 26 dit
1481 3986 60 26 doet
1559 3987 57 26 hier
1631 3987 65 26 alles
1713 3996 31 18 en
1753 3989 64 26 alles
1825 3989 34 32 af,
1876 3989 31 26 de
1918 3996 102 26 gemeen-

1097 4019 78 32 schap
1193 4020 53 24 met
1263 4019 30 25 de
1311 4028 41 17 zee
1370 4019 142 26 voldoende
1528 4028 52 18 was
1598 4028 32 18 en
1646 4020 45 26 het
1708 4020 21 25 ia
1739 4022 40 25 uit
1788 4022 66 26 volle
1865 4022 171 32 overtuiging,

1100 4051 46 26 dat
1162 4051 40 32 wij
1221 4050 39 25 dit
1278 4051 45 24 ten
1339 4051 111 25 sterkste
1468 4051 156 26 ontkennen.

1131 4083 70 27 Voor
1227 4082 31 27 de
1284 4084 74 26 vaart
1384 4091 32 25 op
1440 4083 123 27 Amerika
1583 4084 103 27 worden
1703 4085 128 26 vereischt
1850 4100 31 5 —
1897 4085 40 27 dit
1952 4087 24 26 is
1991 4087 46 26 het

1098 4116 103 26 oordeel
1219 4124 50 17 van
1286 4116 50 26 alle
1352 4116 159 32 deskudigen
1528 4131 32 2 —
1577 4117 181 25 stoombooten
1775 4119 39 24 die
1833 4119 124 25 minstens
1977 4122 60 22 1800

1098 4149 46 25 ton
1162 4148 126 33 goederen
1304 4148 105 26 kunnen
1427 4156 146 24 vervoeren,
1590 4149 110 27 behalve
1716 4157 47 18 een
1780 4152 47 25 500
1845 4157 15 19 a
1869 4152 43 26 600
1911 4152 44 26 tal
1964 4152 58 26 land-

1100 4181 154 27 verhuizers.
1286 4181 146 34 Zoodanige
1455 4182 152 40 vaartuigen
1625 4182 104 26 kunnen
1746 4191 48 19 van
1813 4183 152 27 Rotterdam
1982 4185 54 26 niet

1098 4214 27 24 iv
1143 4214 32 24 de
1192 4215 74 22 vaart
1284 4214 104 24 worden
1404 4214 135 32 gebracht.
1564 4208 61 31 Men
1642 4217 70 22 moet
1728 4215 57 24 zich
1801 4214 70 31 daar,
1889 4217 106 32 volgens
2004 4217 31 25 «le

1097 4244 128 28 brochure
1250 4252 51 20 van
1318 4244 51 28 den
1383 4245 61 27 heer
1462 4246 32 27 A.
1511 4246 85 31 Plate,
1616 4254 177 27 vergenoegen
1808 4248 54 25 met
1879 4247 105 33 booten,
1997 4248 40 27 die

1098 4278 96 26 slechts
1222 4281 61 22 1200
1307 4279 46 25 ton
1378 4279 128 30 goederen
1532 4280 84 24 zullen
1632 4279 92 28 laden,
1750 4287 72 18 maar
1840 4280 50 25 dan
1906 4281 61 26 toch
1985 4289 52 26 nog

1097 4313 50 24 250
1172 4311 60 24 voet
1257 4310 61 32 lang
1336 4310 84 26 zullen
1437 4318 85 19 wezen
1540 4319 32 18 en
1589 4319 46 18 een
1652 4311 164 33 dieptreding
1834 4312 84 26 zullen
1936 4313 100 26 hebben

1097 4351 52 17 van
1168 4343 60 32 17Vs
1247 4344 66 24 voet.
1339 4343 213 33 Teruggebracht
1572 4344 40 25 tot
1631 4343 41 26 die
1690 4344 112 25 modeste
1812 4344 165 34 afmetingen,
1987 4337 51 34 dan

1098 4382 52 25 nog
1175 4375 103 25 moeten
1294 4375 41 32 wij
1355 4375 132 26 bekennen
1505 4376 45 25 dat
1573 4384 27 17 er
1619 4376 74 25 moed
1710 4378 43 22 toe
1769 4375 110 27 behoort
1896 4380 142 31 zoodanige

1100 4407 94 26 booten
1212 4415 63 18 voor
1292 4407 39 26 die
1350 4407 184 34 onderneming
1550 4407 27 26 te
1594 4407 66 27 doen
1677 4408 164 26 aanbouwen.

1129 4440 70 26 Gaat
1214 4448 59 17 men
1290 4440 61 26 toch
1368 4449 48 22 na,
1442 4440 45 26 dat
1512 4449 59 17 men
1596 4442 26 24 te
1648 4441 220 26 Brouwershaven
1893 4441 128 27 binnenko-

1098 4473 99 30 mende,
1217 4472 135 26 allereerst
1372 4473 31 25 de
1421 4472 126 33 droogten
1565 4473 34 31 bij
1625 4473 30 26 de
1681 4474 72 26 Oude
1773 4474 87 39 Tonge
1877 4483 31 17 en
1925 4475 31 25 do
1974 4474 48 26 Wil-

1098 4504 110 26 lemstad
1226 4504 72 26 heeft
1313 4505 26 25 te
1357 4512 143 25 passeeren,
1509 4505 44 25 dat
1564 4505 83 26 alleen
1656 4505 51 27 kan
1722 4505 151 39 geschieden
1883 4507 78 32 tegen
1969 4507 70 32 hoog

1098 4537 83 25 water
1199 4544 31 18 en
1247 4537 172 32 bepaaldelijk
1436 4537 34 32 bij
1488 4530 59 39 dag,
1565 4537 50 26 dan
1625 4539 83 24 wordt
1723 4538 46 25 het
1787 4539 26 24 al
1828 4530 113 41 dadelijk
1956 4540 81 28 zeker,

1100 4567 45 25 dat
1162 4567 137 34 dergelijke
1317 4569 103 31 booten,
1439 4569 27 26 in
1483 4569 48 26 den
1552 4569 149 33 wintertyd,
1719 4570 109 33 dikwijls
1839 4570 92 34 dagen|
1939 4571 64 33 lang
2011 4571 26 25 to

1100 4600 220 27 Brouwershaven
1337 4602 84 26 zullen
1446 4602 103 27 moeten
1573 4602 97 34 blijven
1687 4603 138 26 vertoeven
1843 4603 39 26 als
1899 4604 45 26 het
1954 4605 67 31 hoog-

1100 4635 81 24 water
1199 4633 20 25 's
1227 4641 118 26 morgens
1369 4636 27 25 te
1414 4642 79 25 vroeg
1518 4642 32 19 en
1573 4635 45 26 des
1638 4636 96 25 avonds
1757 4636 26 25 te
1801 4635 56 26 laat
1873 4636 92 26 invalt.
1998 4635 39 26 De

1100 4665 164 25 Willemstad
1280 4667 97 33 voorbij
1395 4667 80 33 zijnde
1501 4667 72 26 komt
1591 4675 58 18 men
1665 4668 26 25 te
1710 4667 208 33 Hellevoetsluis,
1938 4668 38 26 als
1991 4668 46 26 het

1098 4698 83 25 water
1204 4706 92 19 zoover
1312 4698 119 30 gevallen
1459 4700 37 30 is,
1522 4700 46 26 dat
1592 4708 59 18 men
1669 4700 27 26 in
1713 4700 31 26 de
1762 4700 146 26 voorhaven
1925 4709 51 18 van
1993 4701 46 25 het

1098 4729 96 26 kanaal
1211 4730 63 24 door
1292 4730 17 25 \
1318 4739 76 17 oonie
1411 4739 50 17 aan
1486 4726 50 30 den
1560 4731 84 32 grond
1669 4731 71 33 loopt
1765 4741 32 17 eu
1814 4740 58 18 men
1890 4733 47 25 dus
1955 4733 84 25 weder

1098 4761 71 26 moet
1186 4761 119 27 wachten
1324 4769 33 27 op
1382 4762 48 27 den
1456 4762 143 34 volgenden
1618 4755 83 35 vloed.
1735 4763 58 27 Dan
1818 4765 74 39 volgt
1916 4765 31 26 de
1964 4766 74 25 vaart

1100 4794 64 25 door
1180 4794 46 26 het
1241 4794 149 26 Voornsche
1406 4795 96 26 kanaal
1518 4798 54 22 met
1587 4796 64 25 hare
1668 4798 180 32 eigenaardige
1860 4798 163 25 belemmerin-

1100 4833 50 26 gen
1173 4833 31 18 en
1222 4825 51 27 dan
1290 4826 39 26 zal
1345 4835 59 18 men
1422 4826 31 27 de
1468 4826 107 30 Nieuwe
1593 4827 73 27 Maas
1682 4828 41 25 tot
1746 4828 154 26 Rotterdam
1916 4837 52 26 nog
1984 4830 56 25 niet

1100 4866 60 19 eens
1176 4857 112 38 dadelijk
1306 4867 32 26 op
1356 4859 103 27 kunnen
1475 4869 86 24 varen,
1579 4861 89 27 omdat
1684 4861 132 40 onderwijl
1834 4861 31 26 de
1881 4861 32 26 eb
1931 4861 40 27 zal
1989 4863 50 32 zijn

1098 4891 154 32 ingetreden
1269 4900 32 17 en
1324 4893 32 25 de
1382 4893 137 32 ondiepten
1543 4902 51 17 van
1611 4894 31 25 de
1658 4894 106 25 Nieuwe
1789 4893 90 30 Maas,
1897 4902 70 18 waar
1984 4894 54 25 niet

1100 4930 70 20 meer
1187 4924 70 26 staat
1273 4923 52 27 dan
1344 4928 31 24 45
1393 4924 104 34 palmen
1513 4925 34 34 bij
1573 4925 61 34 laag
1651 4926 89 32 water,
1759 4925 48 27 dus
1824 4926 81 27 onder
1922 4925 41 27 die
1981 4935 38 19 om-

1100 4956 189 34 standigheden
1305 4957 54 25 niet
1378 4958 26 25 te
1422 4967 136 24 passeeren
1566 4958 59 26 ziin.

1133 4988 48 33 Wij
1201 4990 84 24 weten
1300 4989 57 31 wel,
1375 4989 46 26 dat
1436 4989 32 26 de
1485 4990 63 26 heer
1564 4988 76 27 Plate
1656 4989 28 26 in
1700 4990 65 33 zijne
1782 4997 32 26 op
1831 4993 33 24 20
1880 4990 60 27 Okt.
1955 4989 31 34 jl.
1996 4998 30 26 ge-

1100 5020 116 27 houdene
1233 5021 85 33 lezing
1333 5021 72 26 heeft
1422 5022 150 31 verzekerd,
1590 5022 46 26 dat
1651 5022 155 26 Rotterdam
1815 5029 61 20 over
1892 5023 56 26 drie
1963 5023 76 33 jaren

1100 5061 46 19 een
1162 5053 76 28 beter
1254 5056 144 24 vaarwater
1422 5054 80 27 zoude
1527 5054 115 27 bezitten
1659 5063 31 17 en
1709 5055 31 26 de
1756 5054 130 27 voorkeur
1902 5065 50 17 van
1971 5056 53 25 Vlis-

1100 5086 106 33 singeu,
1232 5101 31 4 —
1279 5086 41 26 die
1338 5087 35 33 hij
1393 5086 46 26 dus
1456 5086 50 27 ook
1522 5087 106 31 erkent,
1646 5102 31 2 —
1703 5087 52 26 dan
1781 5087 79 27 zoude
1878 5088 159 33 wegvallen,

1098 5126 72 18 maar
1194 5118 43 33 wij
1259 5118 125 33 gelooven
1401 5119 47 25 dat
1463 5119 41 26 die
1521 5119 85 27 illusie
1624 5120 60 25 hem
1701 5120 48 25 wel
1767 5120 40 26 zal
1822 5120 51 33 zijn
1891 5120 146 32 ontvallen,

1098 5150 39 27 als
1154 5150 35 34 hij
1207 5150 105 34 gelezen
1329 5150 71 27 heeft
1416 5151 46 26 het
1480 5151 171 28 verhandelde
1670 5152 26 26 in
1714 5152 31 26 de
1761 5152 97 39 zitting
1874 5153 45 26 der
1931 5153 106 27 Tweede

1098 5183 96 26 Kamer
1211 5191 50 18 van
1279 5183 31 26 de
1328 5184 233 27 Staten-Generaal
1577 5193 33 25 op
1630 5187 28 24 10
1675 5185 143 26 December
1830 5178 31 40 jl

1131 5216 100 27 Zonder
1256 5224 37 18 nu
1317 5224 50 18 van
1393 5224 60 18 onze
1480 5217 63 33 zijde
1569 5225 46 17 een
1631 5217 139 34 voorbarig
1787 5217 103 27 oordeel
1906 5218 27 27 te
1951 5218 86 27 willen

1098 5248 85 26 vellen
1201 5256 61 18 over
1279 5248 31 27 de
1328 5249 174 33 doorgraving
1518 5257 50 19 van
1586 5249 48 26 den
1651 5249 74 27 Hoek
1735 5258 50 18 van
1793 5251 122 31 Holland,
1925 5252 112 25 waartoe

1098 5280 31 27 de
1147 5281 136 34 regeering
1299 5280 51 27 alle
1367 5282 131 32 pogingen
1514 5281 60 26 doet
1591 5281 27 26 in
1636 5281 46 26 het
1698 5282 70 26 werk
1786 5283 110 30 stellen,
1912 5291 46 18 zoo
1977 5291 45 18 ver-

1098 5320 107 19 meenen
1221 5313 41 32 wjj
1280 5313 63 26 toch
1358 5320 54 19 met
1429 5322 47 17 een
1493 5313 76 27 enkel
1585 5313 87 27 woord
1689 5315 27 25 te
1731 5323 93 21 mogen
1841 5315 90 33 wijzen
1948 5324 32 24 op
1991 5316 46 25 het

1100 5343 123 33 gevoelen
1238 5352 50 18 van
1305 5344 46 25 het
1367 5352 47 19 zoo
1429 5344 35 32 bij
1482 5344 98 25 uitstek
1597 5344 157 33 deskundige
1769 5347 138 31 kamerlid,
1918 5339 50 34 den
1977 5348 60 25 heer

1101 5375 116 34 Stieltjes
1234 5375 52 31 die,
1305 5375 37 27 let
1359 5376 48 26 wel
1424 5391 31 4 —
1474 5375 151 34 verdediger
1642 5385 48 19 van
1708 5378 46 25 het
1770 5378 61 33 plan
1848 5379 45 25 der
1911 5379 110 34 doorgra-

1098 5408 64 33 ving
1179 5422 31 4 —
1227 5408 106 33 volgens
1350 5408 65 33 zijne
1431 5407 90 33 eigene
1538 5408 119 26 woorden
1675 5409 167 31 vermeende,
1866 5412 46 25 dat
1938 5420 28 17 er
1988 5421 48 21 nog

1101 5450 45 18 een
1162 5443 103 31 grooter
1281 5443 94 24 aantal
1393 5443 144 24 millioenen
1554 5454 32 5 —
1603 5443 53 24 niet
1672 5443 97 25 tonnen
1786 5456 32 5 —
1834 5443 74 26 mede
1924 5445 113 30 gemoeid

1101 5476 43 24 zal
1161 5476 60 28 zijn,
1240 5473 54 25 dan
1312 5473 43 25 het
1371 5473 67 25 werk
1455 5480 38 18 nu
1511 5474 73 25 reeds
1600 5474 61 25 kost.

1116 5505 48 27 Die
1174 5504 148 27 millioenen
1331 5512 50 18 van
1390 5504 50 27 den
1450 5504 61 26 heer
1521 5504 117 31 Stieltjes
1646 5505 272 33 vertegenwoordigen
1928 5506 31 26 èn
1968 5507 70 26 werk

1101 5538 31 26 èn
1149 5537 56 34 tijd,
1214 5545 32 18 en
1263 5537 41 32 wij
1320 5544 98 25 vragen
1436 5536 46 26 dus
1499 5545 50 17 aan
1565 5530 70 32 ieder
1651 5537 180 33 onpartijdige,
1848 5537 32 27 of
1892 5546 27 18 er
1931 5538 106 33 volgens

1101 5570 40 26 die
1159 5569 138 34 opvatting
1313 5569 131 27 vooroerst
1462 5569 174 27 vooruitzicht
1652 5569 103 26 bestaat
1772 5569 46 27 dat
1834 5570 31 26 de
1874 5571 113 34 toegang
1997 5572 40 25 tot

1100 5603 155 25 Rotterdam
1272 5602 118 31 geschikt
1407 5602 39 25 zal
1462 5602 51 32 ziju
1521 5603 41 24 tot
1574 5602 171 32 daarstelling
1754 5610 74 18 eener
1838 5603 198 32 winstgevende,

1098 5634 231 27 transatlantische
1346 5634 369 39 stoomvaart-onderneming.

1134 5668 50 33 Wij
1201 5667 98 27 zouden
1316 5675 46 18 ons
1381 5667 125 38 gelukkig
1522 5667 110 26 rekenen
1651 5667 86 26 indien
1756 5667 193 27 bovenstaande
1964 5667 59 27 rede-

1098 5708 51 18 nen
1166 5708 50 17 aan
1233 5701 72 25 velen
1324 5700 40 26 die
1382 5708 52 25 nog
1449 5700 117 25 weifelen
1584 5700 27 25 in
1626 5700 86 25 hunne
1729 5700 76 31 keus,
1822 5701 31 26 de
1872 5699 165 40 overtuiging

1098 5733 102 26 konden
1226 5733 128 26 scheuken
1371 5741 50 17 van
1437 5732 31 26 de
1487 5733 91 31 groote
1596 5740 31 18 en
1644 5732 129 27 meerdere
1791 5733 247 31 voortreffelijkheid

1100 5765 41 27 die
1166 5765 148 34 VUssingen
1338 5765 124 27 aanbiedt
1486 5764 41 27 tot
1544 5765 31 26 de
1592 5765 131 34 vestiging
1739 5766 89 26 aldaar
1845 5774 74 17 eener
1937 5760 99 31 «lirekte

1098 5798 317 33 stoomvaartverbinding
1430 5798 53 26 met
1501 5797 122 26 Amerika
1639 5806 32 17 en
1689 5797 45 27 dat
1749 5798 46 26 het
1813 5798 47 26 dus
1878 5798 61 26 zaak
1950 5797 27 31 is,
1991 5797 45 25 ilat

1100 5832 70 25 ieder
1194 5838 63 18 voor
1276 5831 102 25 zooveel
1389 5831 34 33 hij
1442 5831 66 30 kan,
1527 5830 63 26 door
1605 5830 64 26 raad
1687 5839 31 18 en
1736 5831 65 26 daad
1819 5830 159 27 medewerke
1995 5830 41 25 tot

1098 5863 31 26 de
1147 5863 224 33 verwezenlijking
1388 5864 46 24 der
1449 5863 111 32 plannen
1578 5871 50 17 van
1644 5863 31 26 de
1693 5864 31 25 K.
1742 5864 32 25 N.
1793 5865 25 24 S.
1834 5864 37 25 M.
1889 5863 96 25 Willen
1995 5862 41 32 wij

1098 5895 106 26 daartoe
1221 5894 139 34 opwekken
1378 5895 46 26 het
1441 5895 105 38 geheele
1564 5894 208 27 Ncderlandsche
1788 5896 76 30 volk,
1880 5895 28 26 in
1925 5895 46 26 het
1989 5894 35 33 bij-

1097 5928 96 26 zonder
1209 5927 65 28 doen
1292 5928 39 33 wij
1351 5927 52 32 dit,
1414 5928 30 26 de
1455 5928 97 27 industi
1558 5927 80 27 .celen
1649 5927 27 26 in
1690 5928 125 34 Limburg
1827 5937 32 18 en
1869 5927 168 28 N.-Braband

1100 5961 40 24 die
1157 5961 64 25 door
1237 5961 32 25 de
1286 5961 130 37 vestiging
1433 5961 74 24 dezer
1531 5961 61 24 echt
1609 5961 130 24 nationale
1766 5961 45 32 lijn
1827 5962 27 22 te
1873 5961 163 32 Vlissingen,

1100 5992 26 25 in
1142 5992 32 26 do
1191 5986 170 40 gelegenheid
1377 5993 85 26 zullen
1479 5992 103 26 worden
1598 5991 117 34 gesteld,
1740 6000 46 18 een
1802 5992 85 27 nieuw
1904 5992 132 27 débouché

1098 6024 26 26 te
1142 6024 93 27 vinden
1252 6033 63 18 voor
1331 6025 86 27 hunne
1435 6025 125 32 goederen
1579 6034 32 17 en
1628 6025 64 26 door
1709 6025 48 26 den
1774 6025 126 26 daardoor
1909 6034 111 17 vermeer-

1100 6056 94 25 derden
1215 6057 66 25 bloei
1305 6058 102 24 hunner
1430 6057 149 32 fabrieken,
1599 6058 32 26 de
1651 6058 130 33 gewesten
1795 6057 100 26 hunner
1905 6057 131 33 inwoning

1100 6085 103 27 kunnen
1219 6087 113 33 brengen
1350 6090 40 25 tot
1407 6090 129 26 meerdere
1550 6089 124 28 welvaart
1690 6097 32 18 en
1737 6090 195 39 ontwikkeling.

1131 6117 53 26 Dat
1201 6118 50 27 dan
1266 6128 46 18 oen
1329 6122 71 25 ieder
1415 6122 113 32 begrijpe
1546 6122 46 26 het
1609 6123 148 32 algemeone
1774 6122 201 26 vaderlandsche
1991 6122 31 26 be-

1101 6148 69 30 lang,
1187 6149 45 25 dat
1247 6150 76 26 dezer
1338 6152 83 33 dagen
1439 6161 32 25 op
1481 6154 46 26 het
1545 6154 54 33 spel
1616 6155 70 26 staat
1703 6162 31 18 en
1750 6154 71 27 ieder
1831 6155 50 33 zijn
1898 6162 138 25 vermogen

1101 6187 32 17 en
1149 6180 32 25 de
1196 6181 118 31 invloed,
1331 6183 59 26 dien
1407 6185 35 33 hij
1459 6187 72 26 heeft
1548 6187 27 26 in
1592 6187 65 33 zijne
1675 6188 145 33 omgeving,
1828 6187 156 28 aanwendde
1995 6187 41 26 tot

1102 6213 45 24 het
1163 6213 65 24 doen
1245 6214 128 30 gelukken
1391 6216 45 24 der
1460 6219 63 24 door
1540 6219 30 25 de
1587 6219 31 26 K.
1637 6220 32 25 N.
1688 6220 25 25 S.
1729 6221 37 24 M.
1787 6229 32 22 op
1837 6224 15 22 4
1870 6228 32 17 en
1928 6223 15 21 5
1962 6220 74 25 dezer

1101 6243 93 25 maand
1214 6243 197 32 uitgeschreven
1428 6247 110 33 leening.

1133 6274 54 26 Ten
1205 6274 78 27 slotte
1300 6276 86 26 willen
1403 6279 40 32 wij
1465 6281 44 24 ten
1530 6281 150 27 overvloede
1704 6282 32 27 do
1753 6283 168 33 verzekering
1938 6291 98 26 geven,

1101 6307 46 25 dat
1163 6314 65 25 geen
1245 6309 155 31 persoonlijk
1408 6311 96 32 belang
1521 6319 44 18 ons
1574 6313 78 30 drijft,
1664 6315 63 24 daar
1736 6317 31 24 de
1785 6317 66 25 helft
1869 6324 76 18 onzer
1961 6317 74 24 leden

1100 6339 63 26 zelfs
1180 6338 91 33 geheel
1289 6347 32 17 on
1338 6339 26 25 al
1382 6343 103 26 vroemd
1502 6343 21 25 is
1541 6351 48 18 aan
1607 6345 78 25 zaken
1706 6353 48 19 van
1772 6347 93 26 handel

1521 6373 32 25 H.
1572 6374 27 25 1».
1618 6376 228 31 WINKELMAN.

1147 6404 163 33 Vlissingen,
1521 6405 39 25 W.
1579 6406 26 26 C.
1625 6406 71 27 VAN
1715 6407 143 31 DÜÜEEN
1877 6409 141 30 DUTILH.

1116 6442 9 25 1
1147 6437 110 31 Januari
1277 6438 69 28 1870.
1521 6436 27 26 L.
1569 6437 45 26 DE
1631 6438 124 30 GRAAF.

1520 6469 33 26 H.
1571 6469 213 32 ENGKLSMAN
1799 6474 231 30 KLEIJNHENS.

1518 6500 30 27 F.
1567 6501 149 30 WIBANT.

1224 6625 64 27 Aan
1303 6626 33 26 de
1352 6626 138 26 Redakliel

1126 6659 31 28 Ik
1174 6660 50 30 ben
1241 6665 26 25 te
1286 6661 137 37 overtuigd
1441 6670 48 21 van
1508 6667 56 22 uwe
1581 6659 81 39 goede
1680 6657 165 38 geïindheid,
1861 6666 43 19 om
1917 6658 45 28 het
1972 6660 63 27 audi

1095 6691 24 26 tt
1147 6694 112 28 alteram
1281 6699 105 31 partem
1411 6693 28 30 in
1466 6694 115 37 praktijk
1597 6696 27 27 te
1643 6692 124 41 b_eng«n,
1787 6691 50 28 dan
1854 6690 46 28 dat
1919 6690 26 28 ik
1963 6691 70 30 UEd.

1095 6723 54 26 ïdet
1175 6728 47 22 «ou
1246 6722 97 33 durven
1362 6733 107 28 vragen,
1489 6737 47 19 aan
1554 6730 79 26 deïen
1652 6728 70 28 blief
1742 6733 47 20 eau
1807 6723 110 38 plaatsje
1935 6723 27 30 in
1978 6731 57 21 uwe

1096 6758 144 25 -M-ttuncn
1258 6755 26 28 in
1300 6758 26 27 to
1345 6763 106 26 ____•_,

2107 100 76 27 Eerst
2191 100 83 27 heden
2282 102 79 33 kreeg
2369 102 26 26 ik
2406 102 26 25 in
2441 100 328 32 handen,hetvlugschrift:
2779 98 234 33 Eene(gew.Rom.)

2074 133 182 25 veroordeelde
2276 135 32 31 (?)
2328 135 164 30 wetenschap
2510 135 63 28 (met
2591 141 52 25 nog
2660 133 60 31 iets)
2741 133 63 24 door
2822 138 47 19 mr.
2888 130 31 26 A.
2942 130 25 25 J.
2986 130 27 24 B.

2076 165 110 27 Stoffels.

2108 198 31 25 Ik
2156 206 48 18 zou
2222 206 31 28 op
2270 198 46 25 dat
2333 197 156 31 vlugschrift
2505 204 57 18 zeer
2577 197 56 25 veel
2641 197 103 25 kunnen
2754 196 163 26 aanmerken.
2943 193 72 26 UEd.

2076 239 32 17 en
2126 230 26 25 ik
2174 230 131 32 begrijpen
2330 230 90 25 echter
2438 228 104 32 beiden,
2558 228 46 26 dat
2622 228 45 28 het
2685 229 181 26 Handelsblad
2883 227 31 24 de
2930 224 86 33 plaats

2076 263 56 25 niet
2147 262 21 26 is
2185 270 64 17 voor
2265 262 40 25 die
2323 261 209 32 aanmerkingen.
2565 261 32 26 Ik
2614 262 107 25 verzoek
2739 261 51 26 dan
2807 261 48 25 ook
2869 266 73 18 maar
2950 259 65 24 twee

2076 302 33 24 op
2126 295 27 24 te
2169 301 92 19 nemen
2278 302 30 18 en
2326 287 80 33 onder
2422 293 31 25 de
2471 300 81 26 oogen
2570 301 50 18 van
2636 301 43 19 uw
2695 293 105 33 publiek
2817 294 27 22 te
2861 292 123 30 brengen.

2109 326 39 31 Op
2165 334 59 25 pag.
2245 330 27 22 10
2290 326 79 33 zijner
2386 326 128 26 brochure
2532 326 58 33 zegt
2607 333 47 19 mr.
2672 326 31 26 A.
2721 326 24 26 J.
2763 326 31 25 B.
2812 322 111 30 Stoffels,
2942 328 59 26 spre-

2076 359 84 25 kende
2185 366 60 18 over
2270 367 46 18 mr.
2334 359 24 26 J.
2376 359 25 25 J.
2419 358 40 25 W.
2487 365 51 18 van
2564 359 45 25 der
2634 359 109 25 Bicsen:
2770 357 72 26 //Ook
2859 356 40 24 zal
2917 354 26 24 ik
2962 353 54 25 niet

2076 391 126 31 beweren,
2228 383 47 34 dat
2298 391 37 33 hij
2353 398 96 26 gaarne
2467 389 39 26 als
2522 389 60 27 loon
2598 398 63 19 voor
2678 391 51 32 zijn
2745 389 78 30 werk,
2842 396 46 17 een
2904 385 69 26 zetel
2989 385 27 25 in

2078 431 60 18 eene
2165 424 45 25 der
2233 424 102 25 kamers
2352 430 51 18 van
2420 423 46 24 dat
2481 422 109 32 gebouw
2608 431 46 18 zou
2672 420 168 32 bemachtigd
2856 419 116 28 hebben,
2989 417 27 25 in

2079 456 31 26 de
2127 456 106 26 Tweede
2251 456 96 26 Kamer

2108 489 48 25 Dit
2181 489 21 26 is
2229 496 60 18 eene
2309 488 142 33 zinspeling
2467 495 32 24 op
2518 487 28 25 de
2565 487 175 27 kandidatuur
2756 494 51 18 van
2824 493 47 17 mr.
2890 483 24 26 J.
2933 482 24 26 J.
2975 481 40 27 W.

2079 528 50 18 van
2154 521 46 25 der
2224 521 93 25 Biezen
2343 528 61 18 voor
2421 520 31 24 de
2470 516 247 31 Haarlemmermeer
2734 520 33 31 bij
2787 517 31 24 de
2836 515 180 31 verkiezingen

2079 561 50 18 van
2154 553 61 26 Juni
2241 553 27 26 11.
2303 553 50 32 Wij
2380 552 85 26 zullen
2491 560 59 17 over
2567 553 40 25 die
2623 552 150 31 verkiezing
2789 549 56 25 niet
2861 554 70 20 meer
2948 554 54 24 spre-

2078 585 63 31 ken;
2167 586 46 25 wie
2239 586 63 32 mijn
2329 583 103 27 oordeel
2457 591 31 18 en
2510 583 45 26 dat
2571 585 73 26 velen
2663 591 77 20 onzer
2756 589 33 18 en
2805 581 31 25 do
2852 580 148 31 daaraange-

2078 617 90 26 wende
2192 618 129 26 middelen
2344 617 109 33 begeert
2476 617 27 25 te
2526 617 110 31 kennen,
2656 617 56 26 leze
2728 614 78 32 mijne
2824 613 143 25 brochure:
2985 613 32 22 de

2079 652 159 24 katholieken
2255 653 135 30 tegenover
2405 651 33 24 de
2453 652 196 28 staatspartijen
2665 652 28 24 in
2709 646 155 28 Nederland
2882 643 133 30 (Haarlem

2078 681 32 26 A.
2127 681 28 26 B.
2173 690 51 18 van
2241 681 51 26 den
2308 680 118 32 Heuvel).
2460 679 31 25 Ik
2507 680 40 25 zal
2564 681 78 26 thans
2659 681 97 25 slechts
2772 685 53 26 nog
2838 674 177 27 mededeelen:

2079 713 47 26 dat
2153 722 47 18 mr.
2218 713 25 26 J.
2261 715 25 25 J.
2304 715 39 25 W.
2362 723 51 17 van
2439 712 45 25 der
2507 712 92 27 Biesen
2624 715 41 25 die
2691 711 177 27 kandidatuur
2889 707 128 25 volstrekt

2079 745 56 25 niet
2148 745 53 25 zelf
2215 746 100 32 gesteld
2335 746 87 25 heeft:
2440 744 46 26 dat
2502 744 45 26 het
2563 744 190 34 lidmaatschap
2771 743 45 25 der
2832 741 107 25 Tweede
2959 739 38 24 Ka-

2080 784 54 18 mer
2160 785 50 18 van
2226 778 84 32 zijnen
2326 778 65 25 kant
2408 777 90 38 groote
2515 778 175 32 opofferingen
2706 775 139 27 vorderde:
2864 774 46 25 dat
2926 772 91 25 buiten

2080 809 60 26 hem
2157 809 41 26 die
2215 810 175 26 kandidatuur
2406 819 22 17 is
2444 809 210 32 geproklameerd
2670 810 64 25 door
2750 808 65 33 zijne
2832 803 184 32 staatkundige

2079 841 130 32 vrienden,
2233 842 41 26 die
2300 842 100 27 bekend
2421 848 85 19 waren
2531 843 53 24 met
2601 843 30 25 de
2649 840 154 35 gezindheid
2819 846 51 18 van
2887 844 46 18 een
2950 844 50 17 aan-

2080 874 103 33 zienlijk
2206 875 90 25 aantal
2317 875 98 25 kiezers
2431 874 27 26 in
2474 874 45 26 dat
2538 874 105 26 disrikt:
2663 875 45 25 dat
2725 874 83 26 alleen
2826 870 40 25 die
2884 868 132 32 aandrang

2080 913 50 19 van
2154 907 122 26 vrienden
2297 915 46 18 mr.
2362 907 24 26 J.
2404 907 25 26 J.
2447 907 39 26 W.
2506 914 51 18 van
2574 907 45 26 der
2635 907 93 26 Biesen
2745 905 72 27 heeft
2833 902 66 25 doen
2917 900 85 26 beslui-

2079 939 54 30 ten,
2157 939 57 26 zich
2239 939 56 26 niet
2317 941 78 32 tegen
2421 939 30 26 de
2476 939 169 32 proklamatie
2669 947 51 18 van
2739 939 41 25 die
2798 933 176 28 kandidatuur
2989 933 26 25 te

2079 971 150 26 verklaren:
2246 972 46 26 dat
2310 980 46 19 mr.
2374 972 25 26 J.
2417 972 25 26 J.
2459 972 40 26 W.
2517 979 50 18 van
2584 972 46 26 der
2646 972 93 26 Biesen
2756 969 53 27 zelf
2819 967 54 25 niet
2883 966 30 25 de
2923 965 92 26 minste

2079 1004 169 33 persoonlijke
2265 1004 150 27 démarches
2432 1004 71 26 heeft
2519 1004 85 26 willen
2623 1004 65 26 doen
2699 1015 5 15 :
2721 1004 46 25 dat
2779 1002 35 32 hij
2828 999 83 26 alléén
2920 998 97 37 gehoor

2079 1043 115 26 gegeven
2218 1036 71 26 heeft
2313 1044 50 19 aan
2387 1037 71 26 sterk
2484 1037 167 32 uitgedrukte
2676 1036 135 27 wenschen
2837 1039 51 18 van
2906 1030 33 33 bij
2957 1030 59 27 hem

2079 1068 195 33 gewaardeerde
2291 1077 133 25 personen,
2443 1077 32 18 en
2492 1070 53 24 niet
2563 1069 46 25 het
2626 1070 79 25 minst
2721 1076 51 18 aan
2783 1063 169 41 persoonlijke
2963 1070 40 18 eer-

2079 1100 86 26 zucht.
2197 1100 129 28 Wanneer
2349 1102 51 26 alle
2424 1101 168 30 kandidaten,
2617 1102 128 33 gekozene
2763 1100 26 24 ot
2806 1097 56 25 niet
2878 1094 137 34 gekozene,

2079 1140 46 18 zoo
2148 1133 96 34 weinig
2268 1134 169 33 persoonlijke
2461 1134 131 26 inzichten
2617 1131 152 35 gekoesterd
2793 1128 104 27 luidden
2915 1128 39 26 als
2969 1135 47 18 mr.

2080 1165 24 26 J.
2121 1165 24 26 J.
2163 1166 40 25 W.
2220 1174 51 18 van
2288 1167 45 26 der
2349 1167 102 28 Biesen,
2469 1174 47 18 zou
2532 1167 27 25 ik
2578 1167 45 25 het
2639 1165 133 35 personeel
2789 1163 46 25 der
2843 1161 107 26 Tweede
2960 1161 38 24 Ka-

2078 1205 57 19 mer
2147 1199 54 26 met
2218 1199 90 33 diepen
2324 1199 104 27 eerbied
2444 1199 141 33 begroeten
2601 1207 32 18 en
2649 1207 51 19 van
2715 1196 71 27 ieder
2804 1195 104 26 kunnen
2919 1200 98 26 zeggen

2078 1232 69 25 Eral
2161 1234 78 22 homo
2255 1235 92 21 rectus.

2111 1263 38 34 Op
2173 1271 59 26 pag.
2257 1266 31 25 48
2306 1258 41 32 en'
2354 1266 43 30 49,
2414 1264 54 26 laat
2486 1271 46 20 mr.
2551 1263 30 27 A.
2598 1263 25 27 J.
2641 1264 30 27 B.
2689 1260 104 30 Stoffels
2811 1258 124 33 duidelijk
2952 1258 64 33 zijne

2076 1297 120 32 meening
2220 1296 174 32 doorstralen,
2419 1297 46 26 dat
2489 1296 31 26 de
2545 1296 128 26 brochure
2689 1304 52 17 van
2758 1302 47 18 mr.
2823 1293 24 26 J.
2865 1292 25 26 J.
2909 1291 40 26 \V.
2966 1298 51 18 van

2078 1328 45 26 der
2147 1329 92 25 Biesen
2265 1330 32 25 de
2314 1330 60 25 kerk
2389 1337 32 18 en
2438 1331 32 24 de
2483 1330 204 28 volkswelvaart,
2705 1336 32 24 op
2754 1326 46 25 dat
2818 1324 138 34 oogenblik
2975 1322 40 33 (de

2076 1359 128 26 brochure
2229 1361 138 26 verscheen
2392 1361 53 26 Mei
2470 1361 38 31 11.)
2533 1362 156 31 uitgegeven
2715 1367 53 17 was
2798 1365 57 18 «om
2878 1356 138 26 kerkvaste

2078 1393 253 33 stemgerechtigden
2353 1394 43 25 tot
2421 1394 31 25 de
2469 1393 149 32 verkiezing
2634 1400 50 17 van
2700 1389 141 33 kerkelijke
2858 1389 157 26 kandidaten

2078 1433 61 19 over
2161 1427 27 24 te
2348 1426 46 26 Als
2420 1426 132 26 direkteur
2575 1433 51 18 van
2643 1423 31 26 de
2691 1422 73 26 kath.
2780 1422 58 26 ned.
2856 1421 145 26 Brochuren-

2078 1457 178 33 vereeniging,
2282 1459 96 25 waarin
2404 1457 31 26 de
2460 1457 126 26 brochure
2613 1465 51 17 van
2687 1462 47 19 mr.
2760 1454 25 26 J.
2803 1454 24 26 J.
2845 1454 40 26 W.
2904 1461 50 19 van
2972 1453 45 26 der

2078 1489 96 26 Biesen
2198 1489 21 25 is
2238 1489 159 33 uitgegeven,
2415 1491 50 25 kan
2481 1491 27 25 ik
2526 1491 31 25 de
2574 1488 151 32 verklaring
2741 1487 129 33 afleggen,
2889 1487 45 25 dat
2949 1486 66 33 juist

2076 1521 47 25 het
2141 1522 255 32 tegenovergestelde
2415 1530 50 18 van
2481 1531 47 17 mr.
2548 1521 104 26 Stoffels
2669 1520 152 26 vermoeden
2839 1519 130 26 waarheid
2986 1518 30 25 is.

2109 1553 56 26 Het
2193 1552 163 28 handschrift
2382 1554 57 26 dier
2466 1554 126 26 brochure
2620 1553 118 25 berustte
2766 1552 71 25 sinds
2864 1551 100 28 weken,
2987 1550 28 33 ja

2078 1585 135 31 maanden,
2220 1585 63 26 vóór
2293 1585 31 26 de
2333 1586 177 38 verkiezing,—
2519 1594 50 17 van
2578 1585 63 26 Juni
2650 1585 26 24 11'
2687 1585 79 24 onder
2773 1584 53 28 mij.
2852 1583 53 25 Het
2916 1591 51 17 was
2976 1584 40 22 ter

2078 1624 72 26 perse
2167 1624 109 26 gegaan,
2293 1625 43 18 eer
2402 1626 43 19 eer
2460 1617 103 26 iemand
2580 1617 92 26 anders
2689 1624 27 17 er
2730 1612 139 28 misschien
2878 1623 48 17 aan
2936 1613 79 26 dacht

2078 1656 47 19 mr.
2150 1648 26 27 J.
2193 1650 25 25 J.
2236 1650 40 26 W.
2294 1657 53 19 van
2374 1642 45 34 der
2434 1650 92 26 Biesen
2544 1650 39 25 als
2600 1649 142 26 kandidaat
2759 1649 26 24 te
2803 1646 106 32 stellen;
2927 1655 41 17 om
2985 1645 31 26 de

2079 1681 157 34 eenvoudige
2252 1681 78 27 reden
2348 1682 45 26 dat
2408 1682 32 26 de
2457 1682 126 27 brochure
2600 1681 74 28 reeds
2691 1688 63 19 voor
2770 1689 47 17 een
2832 1680 69 26 helft
2913 1688 52 18 was
2976 1680 40 26 ter

2078 1721 73 25 perse
2167 1714 76 32 gezet
2259 1722 44 17 eer
2320 1714 31 25 de
2367 1715 146 33 verdeeling
2522 1707 45 34 der
2576 1715 98 26 nieuwe
2682 1713 196 27 kiesdistrikten
2885 1713 27 26 in
2922 1713 31 26 de
2963 1713 35 27 Ka-

2078 1753 67 19 mers
2161 1754 52 19 was
2231 1754 183 26 aangenomen.

2108 1779 33 26 Ik
2165 1779 51 26 heb
2242 1779 31 26 de
2293 1780 124 25 Drochure
2434 1786 48 19 van
2500 1780 98 26 Kooien
2616 1780 53 25 met
2687 1780 77 26 haast
2780 1780 72 26 laten
2871 1779 144 27 afdrukken

2078 1812 79 34 opdat
2181 1820 28 18 ze
2235 1820 52 25 nog
2311 1811 63 27 vóór
2398 1809 31 26 de
2445 1812 178 34 verkiezingen
2641 1820 47 19 zou
2705 1813 168 32 verschijnen.
2908 1812 47 27 Dit
2970 1820 31 19 re-

2078 1845 81 25 kende
2180 1845 27 24 ik
2225 1845 61 31 mijn
2304 1844 90 32 plicht.
2428 1843 30 25 Ik
2474 1845 79 26 dacht
2571 1852 27 18 er
2616 1852 46 18 een
2680 1845 138 32 oogenblik
2836 1852 61 19 over
2914 1852 41 22 na,
2974 1852 41 19 om

2078 1876 31 25 de
2133 1876 126 25 brochure
2277 1884 50 18 van
2343 1883 46 18 mr.
2408 1874 22 25 J.
2448 1874 24 26 J.
2491 1877 39 26 W.
2548 1885 50 17 van
2616 1877 45 25 der
2676 1877 94 26 Biesen
2786 1877 28 24 in
2832 1877 65 25 losse
2920 1877 96 25 bladen

2076 1909 27 24 te
2121 1906 72 26 laten
2210 1907 94 33 liggen,
2322 1909 41 25 tot
2381 1915 34 18 na
2432 1905 28 26 de
2477 1910 187 38 verkiezingen.

2109 1939 32 26 Ik
2166 1939 110 33 begreep
2294 1941 102 26 immers
2414 1938 44 25 dat
2478 1939 70 28 ieder
2564 1939 202 28 niet-kaidioliek
2783 1939 98 31 kiezer,
2894 1937 63 26 door
2975 1937 40 26 die

2076 1971 141 31 brochure,
2233 1972 27 25 in
2278 1972 46 25 het
2341 1965 237 39 tegenovergesteld
2596 1975 77 31 kamp
2691 1982 47 17 zou
2754 1978 137 26 geworpen
2904 1970 111 28 worden,

2076 2004 96 34 terwijl
2197 2011 61 19 voor
2284 2013 46 18 een
2356 2002 131 28 katholiek
2513 2006 84 26 kiezer
2615 2006 31 26 de
2663 2006 132 34 algemeen
2813 2002 110 37 geachte
2940 2008 77 20 naam

2076 2046 51 18 van
2143 2044 47 18 mr.
2206 2037 26 26 J.
2250 2036 24 26 J.
2291 2037 40 26 W.
2350 2044 51 17 van
2419 2035 43 25 der
2478 2037 92 27 Biesen
2588 2039 171 32 aanbeveling
2776 2044 100 26 genoeg
2893 2043 60 18 was.
2985 2034 32 25 Ik

2076 2069 111 35 begreep
2213 2069 89 26 echter
2323 2068 50 27 ook
2391 2067 45 26 dat
2452 2067 26 26 ik
2494 2068 63 30 door
2572 2079 46 19 zoo
2636 2072 26 25 te
2680 2069 78 32 doen,
2783 2069 56 27 niet
2856 2076 46 19 zou
2921 2065 80 30 hande-

2076 2102 43 26 len
2137 2104 27 25 in
2180 2102 50 26 den
2246 2104 73 32 geest
2336 2109 51 18 van
2412 2100 92 32 mijnen
2520 2104 214 32 gewaardeerden
2751 2104 98 24 vriend.
2883 2104 69 24 Deze
2969 2106 47 19 zou

2076 2135 80 24 liever
2181 2143 46 18 een
2252 2138 73 24 echec
2350 2133 78 33 lijden
2446 2132 47 27 dan
2511 2137 112 30 gekozen
2641 2135 117 26 worden,
2776 2134 96 26 zonder
2889 2133 46 26 dat
2952 2132 65 35 zijne

2076 2167 159 32 zienswijzen
2259 2167 132 38 algemeen
2418 2164 97 27 bekend
2539 2176 93 18 waren.
2668 2167 56 28 Ook
2741 2167 27 25 ik
2786 2174 50 25 zag
2852 2166 81 25 liever
2950 2159 66 37 zijne

2076 2199 176 27 kandidatuur
2268 2200 56 25 niet
2339 2199 103 31 slagen,
2460 2197 56 28 (hoe
2532 2199 27 26 ik
2577 2209 27 18 ze
2622 2200 50 26 ook
2688 2199 154 34 toejuichte)
2862 2199 51 25 dan
2930 2197 46 26 dat
2989 2203 27 18 ze

2078 2241 47 17 zou
2150 2231 138 32 gelukken,
2310 2232 65 26 door
2391 2230 159 34 achterwege
2568 2232 103 26 houden
2688 2241 50 18 van
2756 2232 31 25 de
2804 2230 143 33 zienswijze
2966 2235 51 19 van

2079 2264 50 26 den
2146 2263 149 27 kandidaat.

2108 2297 102 26 Ziehier
2235 2297 31 25 de
2291 2297 113 28 zuivere,
2432 2296 154 33 eenvoudige
2610 2297 139 26 waarheid.
2785 2297 31 25 Ik
2841 2296 52 25 kan
2911 2301 28 18 er
2956 2300 61 17 over

2076 2330 109 32 spreken
2202 2328 39 26 als
2258 2336 60 19 over
2335 2329 93 27 zaken,
2446 2334 106 25 quorum
2567 2337 66 26 pars
2650 2339 98 25 magna
2767 2330 46 28 fui.
2845 2328 33 25 Ik
2897 2326 65 25 weet
2972 2323 45 26 dat

2076 2362 63 34 mijn
2164 2362 110 33 geachte
2298 2361 91 27 vriend
2411 2367 24 19 v.
2453 2357 21 27 d.
2493 2360 28 27 B.
2539 2361 45 27 het
2602 2363 28 25 in
2647 2362 64 33 zijne
2728 2357 216 30 bescheidenheid
2963 2357 53 25 niet

2076 2394 40 26 zal
2134 2394 175 33 goedkeuren,
2328 2394 46 26 dat
2389 2393 28 26 ik
2435 2391 76 27 dezen
2529 2393 69 27 brief
2611 2395 131 32 openbaar
2759 2393 87 27 maak,
2858 2392 65 25 doch
2935 2391 26 25 ik
2973 2389 44 25 wil

2076 2427 54 25 niet
2156 2426 46 26 dat
2226 2434 58 18 men
2310 2427 48 32 zijn
2386 2431 105 27 persoon
2516 2425 26 26 in
2568 2434 46 18 een
2639 2426 126 26 verkeerd
2786 2424 119 33 daglicht
2934 2422 81 25 stelle.

2076 2460 47 25 Mr.
2143 2460 31 26 A.
2190 2459 24 27 J.
2232 2459 30 26 B.
2281 2459 105 26 Stoffels
2402 2456 40 27 zal
2459 2454 58 28 deze
2535 2459 216 33 bijzonderheden
2769 2457 56 26 niet
2841 2454 102 34 gekend
2953 2454 47 26 heb-

2076 2492 78 31 bend,
2173 2499 32 18 en
2222 2491 105 26 daarom
2343 2492 104 25 kunnen
2465 2490 38 32 wij
2520 2491 64 33 zijne
2602 2491 209 32 uitdrukkingen
2819 2497 80 26 geene
2911 2490 104 24 onedele

2078 2528 162 24 insinuatiën
2255 2531 117 19 noemen.

2108 2557 32 26 Ik
2157 2557 51 26 heb
2226 2557 31 26 de
2274 2565 44 18 eer
2334 2559 26 24 te
2378 2555 59 33 zijn,
2453 2554 122 33 mijnheer
2591 2557 31 26 de
2639 2557 149 28 redakteur,

2091 2591 17 24 2
2125 2589 167 26 Westwoud
2304 2609 6 12 ,
2688 2588 73 28 UEd.
2780 2587 105 27 dienaar

2091 2622 116 26 Januari
2224 2626 70 25 1870.
2623 2622 39 26 dr.
2680 2622 41 27 W.
2739 2622 26 26 J.
2781 2621 32 25 F.
2832 2619 48 27 NU
2884 2617 98 27 YENS.

2239 2717 600 52 KORRESPONDENTIE.

2107 2835 56 26 Het
2178 2835 161 34 ingezonden
2355 2832 61 27 stuk
2434 2831 39 24 uit
2491 2832 242 39 Westterschelling
2747 2836 52 28 kan
2817 2833 94 28 zonder
2921 2832 78 27 onder-

2075 2867 141 34 teekening
2231 2868 57 26 niet
2304 2864 132 37 geplaatst
2452 2865 109 27 worden.

2109 2937 32 26 G.
2158 2937 61 26 acht
2236 2939 46 25 het
2298 2933 174 33 wenschelijk,
2487 2935 45 26 dat
2549 2936 30 27 de
2596 2936 198 30 brievenbussen
2811 2939 27 26 in
2856 2937 46 26 het
2910 2935 105 33 vervolg

2078 2976 32 31 op
2127 2970 221 33 oudejaarsavond
2373 2974 53 25 nog
2452 2973 58 20 eens
2532 2976 34 18 na
2591 2969 31 25 de
2648 2969 105 28 daartoe
2771 2973 79 25 thans
2867 2969 149 28 bestemden

2078 3002 48 32 tijd
2135 3002 100 32 gelicht
2244 3004 112 28 worden,
2375 3000 64 25 daar
2456 2996 34 32 hij
2507 3000 183 33 vrijdagavond
2704 3002 31 35 jl.
2752 3011 46 19 een
2815 3009 64 28 paar
2895 3002 119 27 brieven,

2076 3033 28 27 in
2121 3034 31 27 de
2171 3034 46 27 bus
2235 3034 34 34 bij
2289 3035 72 26 Felix
2379 3028 110 32 Méritis,
2504 3030 119 30 willende
2641 3035 96 32 steken,
2753 3037 66 26 haar
2829 3035 46 27 zóó
2883 3035 44 26 vol
2940 3033 76 31 vond,

2079 3067 47 26 dat
2152 3067 30 26 de
2207 3067 107 26 brieven
2331 3074 28 19 er
2375 3067 85 24 boven
2477 3064 145 31 uitstaken,
2648 3074 31 19 en
2702 3070 109 25 hiervan
2829 3069 47 26 dus
2894 3074 57 19 zeer
2967 3073 33 26 ge-

2078 3100 141 33 makkelijk
2239 3100 126 26 misbruik
2385 3098 52 26 kon
2452 3096 119 32 gemaakt
2588 3099 110 28 worden.

2231 3188 319 37 VERKOOPING
2572 3190 90 34 VAN
2685 3195 187 32 HUIZEN.

2095 3283 38 33 Op
2151 3283 137 32 Maandag
2308 3287 15 22 3
2341 3283 72 30 Jan.,
2439 3281 27 24 in
2483 3279 32 26 de
2530 3278 102 32 Brakke
2649 3285 110 31 Grond,
2777 3287 44 26 des
2843 3288 99 25 avonds
2956 3289 44 22 ten

2493 3320 40 17 zes
2549 3321 53 19 ure.

2112 3346 44 27 N°.
2178 3348 21 26 1.
2223 3346 73 32 Huis,
2314 3344 288 32 Zwanenbiirgei.traat
2622 3347 21 26 P
2662 3351 52 24 190.
2733 3348 105 30 ƒ3700.
2856 3348 106 30 ƒl2OO.
2980 3345 35 26 M.

2079 3379 33 26 H.
2128 3379 76 26 Boas.
2223 3393 30 5 —
2270 3383 24 22 2.
2310 3380 71 27 Dito,
2401 3377 81 31 Wijde
2500 3377 202 35 Lombardsteeg
2719 3380 22 26 A
2759 3385 53 21 400.
2824 3380 25 31 ƒ
2857 3383 72 24 5200.
2941 3379 25 28 ƒ
2975 3380 39 22 50.

2078 3410 34 27 M.
2131 3412 32 25 H.
2181 3412 146 25 Boas.—3.
2346 3410 71 30 Dito,
2427 3404 201 37 Prinsengracht
2637 3411 44 26 Pi'
2692 3416 54 24 769.
2757 3413 25 30 ƒ
2791 3416 72 24 3500.
2875 3410 139 34 Opgeh.—

2080 3446 20 24 4.
2119 3443 71 30 Dito,
2216 3443 83 26 Joden
2315 3441 150 30 Breest.aat
2485 3443 20 31 Q
2523 3445 54 25 270.
2596 3444 24 28 ƒ
2637 3445 71 26 4900.
2726 3444 30 27 P.
2773 3445 32 26 H.
2824 3444 102 27 Jacobs.
2944 3457 31 4 —
2993 3445 21 24 5.

2076 3477 71 30 Dito,
2165 3476 83 27 Joden
2264 3477 150 26 Breestraat
2433 3474 20 34 Q
2464 3478 54 25 271.
2530 3476 26 28 ƒ
2564 3478 71 26 4750.
2655 3478 73 30 ƒ5O.
2746 3478 28 26 P.
2792 3478 30 26 F.
2839 3478 31 26 A.
2888 3476 126 27 Antusch.

2078 3509 43 24 N°.
2139 3511 14 21 4
2172 3517 30 15 en
2219 3511 15 21 5
2251 3510 25 22 te
2296 3517 86 17 zamen
2399 3508 26 30 ƒ
2433 3511 71 21 9T(»<».
2524 3507 87 30 ƒ3OO.
2629 3509 25 27 J.
2673 3510 30 26 A.
2720 3510 115 27 Namias.
2854 3524 32 4 —
2902 3511 24 25 6.
2943 3508 70 32 Dito,

2079 3541 177 33 Rozengracht
2272 3541 43 26 EE
2334 3543 39 25 91.
2391 3540 104 32 ƒ6900.
2515 3541 97 31 Opgeh.
2630 3556 31 4 —
2679 3546 21 24 1.
2719 3542 76 30 Dito,
2812 3542 204 31 Prinsengracht

2079 3574 48 25 XX
2146 3578 54 24 574.
2226 3575 26 27 ƒ
2269 3576 70 21 9900.
2357 3574 25 28 ƒ
2400 3576 54 19 noo.
2472 3572 25 24 J.
2515 3570 31 25 A.
2564 3572 80 25 Siewe
2661 3573 39 26 Jr.
2718 3588 31 4 —
2765 3578 24 22 8.
2805 3574 78 30 Dito,
2900 3569 99 31 Linden-

2078 3605 93 33 gracht
2189 3605 45 32 QQ
2255 3608 51 21 105.
2322 3605 25 31 ƒ
2362 3607 70 22 18IX).
2450 3602 89 30 ƒ2OO.
2556 3602 25 26 J.
2600 3604 28 25 B.
2646 3605 97 33 Ouijff.
2760 3620 31 4 —
2809 3609 22 22 9.
2850 3606 78 30 Dito,
2953 3606 41 25 Wa-

2079 3639 148 28 genstraat.
2255 3638 31 25 IJ
2310 3641 56 22 401.
2383 3637 105 30 ƒ2700.
2506 3634 24 26 J.
2549 3635 30 25 A.
2597 3635 135 33 Wijnberg
2748 3638 73 26 Wzn.
2839 3653 32 4 —
2889 3641 39 22 9a.
2946 3637 70 30 Dito,

2078 3670 276 31 Pottenbakkersgaiig
2373 3669 20 25 V
2404 3672 54 21 400.
2469 3667 24 28 ƒ
2502 3670 56 24 700.
2567 3667 30 24 E.
2606 3667 24 26 J.
2640 3670 93 31 Heijer.
2752 3685 32 4 —
2805 3674 37 21 10.
2859 3671 71 25 Dito.
2948 3670 52 25 Lau-

2076 3702 135 26 rierstraat
2228 3700 106 27 EE335.
2343 3700 24 32 ƒ
2380 3703 66 25 1800.
2458 3698 98 34 Opgeh.
2567 3713 30 4 —
2609 3702 35 25 11.
2662 3697 72 37 Dito,
2753 3703 263 34 Egelantiersgracht

2078 3732 52 28 MX
2146 3738 54 21 442.
2218 3735 25 30 ƒ
2251 3737 72 22 3300.
2341 3735 26 31 ƒ
2378 3736 51 24 125.
2446 3732 25 25 J.
2489 3728 28 28 C.
2533 3731 91 27 Baum.

2177 3831 715 41 HANDELSBERIGTEN.

2269 3933 233 32 AMSTERDAM,
2518 3933 117 35 Dinsdag
2652 3940 15 22 4
2685 3938 113 28 Januari.

2074 3980 249 28 OVERZICHT
2350 3980 84 28 VAN
2461 3980 84 28 DEN
2572 3980 167 28 HANDEL
2767 3980 56 28 IN
2850 3980 167 28 SUIKER

2074 4009 235 30 IN
2427 4009 589 30 1869.

2108 4046 38 26 De
2163 4045 90 25 invoer
2269 4052 50 20 van
2335 4045 66 27 Java
2418 4043 71 28 heeft
2507 4043 98 26 minder
2622 4044 130 38 bedragen
2772 4048 50 27 dan
2833 4050 26 25 iv
2870 4049 46 27 het
2926 4050 87 33 vorige

2073 4080 76 33 jaar;
2174 4078 171 33 daarentegen
2375 4078 69 26 wenl
2470 4083 50 18 van
2545 4075 149 35 .Suriname,
2718 4082 72 26 Cuba
2807 4089 31 19 en
2855 4083 111 25 Brazilië
2983 4091 30 18 en

2076 4113 50 25 ook
2145 4117 50 18 van
2209 4109 129 33 belgische
2355 4120 31 17 en
2400 4107 168 31 boheemsche
2580 4109 143 30 bectsuiker
2732 4114 47 33 vrij
2789 4114 145 32 belangrijk
2944 4122 69 18 meer

2076 4142 176 33 aangevoerd,
2268 4143 96 34 terwijl
2380 4140 143 30 bovendien
2539 4139 45 26 het
2594 4142 120 28 verbruik
2722 4154 50 18 van
2783 4146 149 27 iulandsche
2942 4147 57 27 bect-

2080 4175 87 26 suiker
2185 4174 61 26 door
2263 4185 61 18 onze
2343 4172 190 33 raffinaderijen
2551 4174 83 26 weder
2653 4186 57 18 zeer
2725 4179 22 26 is
2763 4181 178 31 toegenomen.

2108 4208 58 24 Van
2183 4207 64 25 Java
2263 4209 176 32 stroopsuiker
2456 4204 70 24 werd
2543 4204 30 26 de
2590 4209 89 34 groote
2696 4202 167 34 hoeveelheid
2880 4219 51 18 van
2947 4212 66 26 ruim

2079 4241 104 28 100,000
2207 4240 98 27 matten
2329 4234 170 40 aangevoerd,
2516 4234 40 27 die
2575 4237 70 35 bijna
2663 4241 67 27 allen
2748 4244 85 26 weder
2850 4244 102 26 werden
2969 4253 30 25 ge-

2078 4272 157 33 ëxporteerd.

2109 4305 72 24 Naar
2197 4303 86 34 België
2300 4315 32 17 en
2349 4299 135 38 Engeland
2502 4307 32 17 en
2551 4302 47 25 ook
2615 4311 63 20 naar
2694 4306 107 26 Zweden
2811 4317 32 17 en
2852 4306 161 34 Noorwegen

2076 4336 21 26 is
2114 4335 150 35 aanzienlijk
2288 4346 70 18 meer
2382 4342 70 21 ruwe
2474 4335 141 26 verzonden
2642 4338 50 26 dan
2709 4341 26 24 in
2758 4341 45 24 het
2829 4341 87 31 vorige
2937 4341 74 32 jaar,

2076 4376 33 17 en
2134 4368 30 25 de
2193 4368 99 28 uitvoer
2317 4377 64 19 naar
2396 4363 117 31 Rusland
2541 4365 65 33 wijst
2629 4371 72 25 mede
2728 4380 59 17 eene
2806 4371 207 34 vermeerdering

2076 4408 64 21 aan,
2159 4400 91 35 terwijl
2267 4403 40 26 dio
2333 4409 64 20 naar
2414 4396 137 33 Frankrijk
2568 4400 67 27 ruim
2646 4403 32 32 ii/
2686 4403 2 32 2
2700 4403 113 26 millioen
2823 4403 188 33 kilogrammen

2076 4433 100 25 minder
2196 4433 117 35 bedroeg.

2111 4465 39 25 De
2169 4466 97 27 uitvoer
2282 4475 50 19 van
2348 4460 185 41 geraffineerde
2551 4463 85 28 suiker
2653 4468 120 26 vertoont
2790 4468 46 26 het
2854 4468 158 32 verblijdend

2076 4496 162 34 verschijnsel
2255 4507 51 19 van
2315 4507 60 19 eene
2385 4494 188 30 voortdurende
2582 4498 154 35 toeneming.
2756 4500 93 26 Vooral
2859 4495 154 38 geldt'zulks

2076 4539 50 15 van
2153 4531 47 24 den
2223 4533 102 25 uitvoer
2349 4539 51 18 van
2417 4526 117 33 gemalen
2550 4530 73 25 melis
2639 4539 64 19 naar
2712 4527 99 37 'Italië,
2829 4533 81 26 welke
2928 4533 85 26 sedert

2081 4565 60 21 1865
2150 4569 123 26 ongeveer
2281 4559 181 31 verdubbelde.
2477 4558 70 26 Naar
2557 4559 146 35 Valparaiso
2714 4565 99 26 hadden
2824 4573 79 24 geene
2911 4566 100 26 direkte

2080 4594 198 37 verschepingen
2302 4598 92 33 plaats.
2419 4592 40 26 De
2756 4619 91 12 _____
2868 4598 143 33 bedroegen

2242 4631 31 24 de
2290 4631 67 24 helft
2375 4633 50 19 van
2443 4624 48 25 den
2510 4624 99 27 uitvoer
2624 4637 51 18 van
2695 4633 67 24 1865.

2115 4659 38 25 De
2171 4663 138 27 voorraad,
2327 4657 144 31 waarmede
2492 4657 39 30 wij
2550 4655 37 28 dit
2602 4659 57 32 jaar
2679 4662 103 31 sluiten,
2798 4662 22 26 is
2841 4663 94 25 zoowel
2944 4663 26 26 in
2981 4663 31 26 de

2076 4694 83 25 eerste
2186 4693 66 28 hand
2278 4695 84 26 alleen
2381 4691 37 26 als
2435 4689 26 26 in
2479 4688 31 26 de
2530 4691 80 26 eerste
2628 4702 31 18 en
2675 4696 98 25 tweede
2790 4696 70 25 hand
2878 4696 119 32 buitenge-

2078 4731 72 17 woon
2174 4724 84 32 klein,
2284 4727 92 25 zoodat
2393 4722 34 32 bij
2450 4727 87 25 eenige
2554 4723 161 37 verhouding
2730 4728 123 25 tusschen
2869 4727 30 26 de
2917 4728 93 33 prijzen

2076 4763 51 18 van
2153 4762 66 24 ruwe
2245 4767 31 18 en
2293 4753 187 39 geraffineerde
2497 4753 99 34 suiker,
2614 4759 105 34 spoedig
2735 4768 61 19 eene
2813 4755 185 38 herleving'dei-

2079 4788 80 26 zaken
2176 4798 58 26 mag
2251 4792 104 25 worden
2372 4787 139 26 verwacht.

2109 4820 70 26 Door
2194 4824 31 26 de
2242 4822 105 26 Nederl.
2363 4817 307 38 Handel-Maatschappij
2686 4822 102 27 werden
2797 4824 102 33 geveild
2907 4826 105 27 234,824

2076 4853 98 33 kranj.,
2200 4857 77 32 tegen
2301 4857 107 28 245,926
2425 4848 83 34 kran.j.
2526 4850 26 27 in
2572 4854 72 31 1868;
2663 4859 105 27 238,505
2785 4857 83 33 kranj.
2887 4858 27 25 in
2934 4859 77 27 1867;

2076 4883 104 33 2R1,i06
2196 4889 84 32 kranj.
2297 4889 27 24 in
2344 4890 61 22 18R6
2422 4892 33 18 en
2471 4885 105 26 273,918
2593 4885 81 34 kranj.
2691 4889 28 24 in
2740 4891 67 22 1863.

2109 4918 39 26 De
2167 4919 72 26 witte
2255 4922 103 26 soorten
2375 4918 67 26 Java
2459 4913 92 28 bleven
2561 4918 175 28 voortdurend
2745 4919 113 34 gedrukt
2867 4919 26 25 in
2903 4918 107 27 waarde.

2080 4950 130 27 Tusschen
2235 4954 31 25 de
2291 4955 32 24 st.
2341 4959 54 18 nos.
2415 4951 28 25 16
2459 4949 41 25 tot
2516 4950 33 22 20
2564 4951 67 25 werd
2659 4952 71 33 bijna
2756 4961 64 25 geen
2839 4951 171 34 prijsverschil

2078 4984 138 32 gemaakt,
2233 4976 64 34 daar
2322 4983 50 26 ook
2396 4987 61 22 voor
2481 4978 99 28 uitvoer
2597 4982 30 26 de
2644 4991 53 19 nos.
2715 4984 84 27 boven
2816 4985 37 25 n°.
2872 4987 30 24 16
2920 4983 93 34 weinig

2083 5022 80 26 vraag
2180 5017 170 26 ontmoetten.

2109 5048 38 26 De
2172 5048 59 31 loop
2251 5050 46 26 der
2317 5048 96 33 prijzen
2430 5044 70 27 werd
2516 5044 145 33 gedurende
2680 5048 31 26 de
2728 5050 81 25 eerste
2828 5057 41 17 zes
2885 5049 126 25 maanden

2076 5079 187 41 hoofdzakelijk
2280 5080 155 27 beheerscht
2451 5078 63 27 door
2530 5078 31 26 de
2580 5080 125 40 tijdingen
2718 5082 113 25 omtrent
2841 5081 50 26 den
2898 5082 113 32 opstand

2076 5120 33 26 op
2127 5112 79 27 Cuba.
2233 5114 139 25 Naarmate
2389 5113 40 26 die
2447 5109 133 27 berichten
2598 5112 159 35 beurtelings
2769 5114 154 32 dreigender
2931 5114 31 25 of
2968 5122 30 25 ge-

2076 5146 197 26 ruststellender
2290 5146 106 26 luidden
2412 5146 45 25 ten
2474 5141 117 34 opzichte
2609 5153 48 19 van
2678 5146 50 26 den
2735 5147 170 33 suikeroogst,
2920 5147 77 26 onder-

2076 5178 66 27 vond
2161 5178 45 27 het
2226 5179 94 26 artikel
2339 5186 61 18 eene
2415 5174 154 35 plotselinge
2585 5178 159 39 verhooging
2761 5179 28 26 of
2804 5180 142 33 verlaging.

2108 5210 39 27 De
2161 5211 87 26 markt
2265 5211 98 33 opende
2380 5211 27 26 in
2425 5217 59 19 eene
2503 5207 122 27 onzekere
2644 5211 137 33 stemming
2791 5219 32 25 op
2836 5220 126 30 ongeveer
2970 5212 38 31 ƒ1

2076 5242 115 27 beneden
2207 5243 248 27 Novemberwaarde
2474 5244 70 24 1868.
2569 5241 57 25 Aan
2643 5242 31 25 de
2691 5243 61 25 ééne
2770 5244 64 31 zijde
2848 5244 123 26 oefenden
2981 5244 30 26 de

2075 5276 142 32 geruchten
2235 5276 115 25 omtrent
2372 5275 71 27 Cuba
2461 5283 31 17 en
2510 5272 119 26 omtrenn
2646 5274 51 26 den
2713 5274 122 32 tegenval
2852 5276 45 26 der
2913 5276 98 27 tweede

2076 5308 144 33 produkten
2233 5307 155 31 beetsuiker,
2405 5316 32 18 en
2448 5307 48 26 den
2513 5306 103 26 kleinen
2634 5306 76 32 oogst
2727 5314 31 28 op
2778 5306 139 28 Mauritius
2933 5317 78 18 eenen

2076 5341 138 33 gunsfigen
2231 5340 103 26 invloed
2350 5341 47 30 uit,
2418 5340 66 26 doch
2500 5346 50 18 aan
2567 5337 32 26 de
2615 5337 93 25 andere
2718 5337 64 32 zijde
2791 5339 115 27 stemden
2915 5341 31 25 do
2955 5348 43 20 ver-

2075 5372 145 26 meerderde
2237 5373 137 31 produktie
2389 5380 51 18 van
2457 5370 138 27 Louisiana
2611 5378 32 17 en
2660 5368 30 26 de
2699 5368 85 26 steeds
2792 5368 139 28 bestaande
2940 5381 72 19 vrees

2075 5412 61 18 voor
2153 5402 217 35 verwikkelingen
2387 5405 120 25 tusschen
2524 5401 104 32 Turkije
2642 5409 30 17 en
2683 5400 172 26 Griekenland
2865 5402 31 25 de
2904 5404 107 33 koopers

2075 5435 54 25 niet
2145 5435 41 24 tot
2204 5435 120 31 willigte,
2342 5437 26 25 te
2386 5428 98 34 minder
2503 5434 78 28 daar,
2598 5433 93 26 zonder
2709 5431 100 35 storing
2826 5432 45 27 der
2888 5435 76 31 orde,
2981 5438 30 25 de

2076 5466 200 33 Havana-oogst
2293 5467 63 26 zelfs
2370 5477 57 18 zeer
2444 5466 165 33 overvloedig
2624 5465 118 26 beloofde
2759 5465 26 25 te
2803 5464 57 33 zijn.

2106 5499 51 25 Tot
2181 5499 45 25 het
2252 5499 78 32 begin
2354 5509 48 19 van
2424 5500 126 27 Februari
2574 5498 138 26 verkeerde
2739 5497 30 25 de
2787 5498 85 24 markt
2889 5498 26 25 in
2934 5499 78 26 dezen

2075 5531 165 26 weifelenden
2258 5532 135 31 toestand,
2417 5535 61 24 toen
2497 5531 138 35 plotseling
2652 5531 32 25 de
2700 5529 110 33 opstand
2828 5537 32 24 op
2878 5529 71 26 Cuba
2966 5539 46 18 een

2075 5570 56 19 zeer
2156 5557 99 39 ernstig
2280 5563 105 26 aanzien
2409 5567 91 25 scheon
2526 5567 26 24 te
2578 5557 145 39 verkrijgen
2750 5568 32 20 en
2802 5559 31 26 de
2851 5561 161 34 suikeroogst

2075 5594 139 31 daardoor,
2241 5603 45 17 zoo
2311 5603 58 18 uien
2393 5598 102 25 vreesde
2507 5617 4 11 ,
2537 5597 76 32 groot
2639 5603 96 26 gevaar
2752 5594 59 32 liep.
2844 5594 69 24 Eene
2931 5589 79 31 snelle

2074 5627 93 39 rijzing
2183 5635 53 17 was
2252 5627 113 27 daarvan
2382 5628 45 27 het
2448 5629 94 34 gevolg
2559 5636 33 18 en
2609 5628 30 26 de
2656 5628 96 33 prijzen
2769 5627 90 32 stegen
2874 5623 35 34 bij
2927 5624 71 27 leven-

2074 5660 78 33 digen
2176 5659 104 31 handel,
2295 5661 81 25 meest
2393 5669 31 25 op
2440 5661 151 35 spekulatie,
2608 5661 41 25 tot
2665 5661 25 30 ƒ
2707 5665 15 22 3
2739 5668 15 18 a
2771 5660 50 30 31/4
2836 5657 83 26 boven
2931 5657 80 32 Nov.,

2075 5693 80 32 zijnde
2174 5700 59 15 eene
2252 5693 158 33 verhooging
2426 5702 48 19 van
2492 5694 67 27 ruim
2576 5693 56 30 ƒ4.
2650 5694 72 26 Doch
2740 5692 73 27 reeds
2830 5691 26 25 in
2872 5689 46 26 het
2931 5686 80 30 laatst

2075 5732 48 17 van
2133 5724 76 25 Febr.
2226 5725 138 25 vertoonde
2374 5726 56 27 zich
2438 5737 59 18 eene
2507 5726 46 33 vrij
2564 5726 132 39 gevoelige
2706 5725 106 30 reaktie,
2825 5724 40 25 die
2877 5722 30 25 de
2919 5722 92 32 prijzen

2075 5756 171 32 terugbracht
2270 5765 32 24 op
2331 5766 124 24 ongeveer
2473 5761 26 31 ƒ
2516 5759 31 33 '/_
2565 5759 81 25 boven
2665 5759 148 26 November
2824 5778 5 8 ,
2855 5764 32 18 en
2913 5751 98 30 hoewel

2074 5789 61 25 kort
2160 5786 97 27 daarna
2282 5783 30 31 de
2337 5790 175 38 spekulatieve
2538 5790 136 39 beweging
2700 5792 83 25 weder
2807 5791 31 25 de
2858 5787 151 25 bovenhand

2075 5819 125 34 verkreeg
2223 5828 32 18 en
2275 5820 30 25 de
2324 5823 61 33 prijs
2402 5825 53 26 zich
2474 5833 33 26 op
2524 5824 26 31 ƒ
2562 5825 9 24 1
2587 5823 19 32 ,'s
2624 5831 14 18 a
2656 5828 14 22 2
2688 5824 81 26 boven
2790 5819 146 31 November
2955 5820 40 24 hei-

2075 5852 80 25 stelde
2167 5872 5 8 ,
2198 5851 51 32 liep
2274 5852 31 26 de
2324 5854 189 39 Maartveiling
2529 5856 46 25 der
2591 5855 32 26 N.
2640 5856 33 26 IL
2691 5857 35 26 M.
2744 5863 63 19 voor
2822 5856 32 25 do
2871 5854 91 25 bruine
2980 5858 30 19 en

2074 5880 198 33 middelsoorten
2290 5884 93 28 slechts
2400 5889 25 31 ƒ
2435 5894 9 22 1
2457 5900 15 17 a
2485 5889 53 28 11/+,
2556 5895 31 17 en
2604 5895 63 19 voor
2682 5888 31 28 de
2730 5889 74 26 witte
2820 5888 26 30 ƒ
2858 5885 94 34 i/js%
2965 5883 31 26 bo-

2074 5924 47 19 ven
2140 5916 158 32 November,
2317 5919 237 38 niettegenstaande
2572 5928 63 19 voor
2650 5921 103 27 uitvoer
2769 5930 32 18 en
2818 5929 31 26 op
2867 5916 143 37 spekulatie

2074 5952 90 28 30,000
2179 5948 48 31 Lrj.
2248 5950 100 25 werden
2366 5955 117 35 gekocht.

2109 5979 183 35 Onmiddellijk
2309 5991 33 18 na
2359 5979 31 32 de
2408 5987 96 33 veiling
2523 5985 107 26 hernam
2649 5986 30 26 de
2696 5987 92 35 rijzing
2805 5987 31 26 de
2856 5981 154 30 bovenhand

2074 6024 31 15 en
2122 6014 72 30 steeg
2212 6013 28 26 de
2259 6015 60 32 prijs
2336 6017 40 27 tot
2394 6020 48 28 ƒ2
2459 6024 43 22 a
2513 6046 20 5 2„
2545 6018 81 25 boven
2636 6019 93 32 Maart,
2740 6020 92 26 zoodat
2841 6019 46 26 het
2897 6017 109 31 hoogste

2074 6046 143 32 staudpunt
2233 6046 135 28 volkomen
2383 6051 156 28 herwonnen
2556 6050 77 26 werd.

2094 6078 81 39 .Toen
2192 6078 46 25 het
2255 6079 87 26 echter
2359 6091 69 19 meer
2444 6093 31 18 en
2492 6089 69 20 meer
2580 6081 80 30 bleek,
2670 6084 45 27 dat
2725 6085 31 26 de
2766 6085 119 26 onlusten
2895 6090 32 25 op
2937 6079 72 28 Cuba

2074 6111 69 32 bijna
2169 6118 64 22 ge-en
2254 6111 102 27 invloed
2372 6117 100 26 hadden
2489 6115 164 31 uitgeoefend
2670 6124 32 25 op
2720 6118 30 26 de
2769 6113 240 35 suikerproduktie,

2073 6150 32 19 en
2131 6142 31 25 de
2179 6142 158 35 belangrijke
2354 6150 198 33 verschepingen
2574 6154 47 18 van
2637 6148 46 26 dat
2700 6150 86 26 eiland
2803 6150 45 25 het
2865 6146 89 33 bewijs
2970 6144 26 27 le-

2073 6174 112 31 verden,
2200 6174 47 26 dat
2264 6176 31 26 de
2313 6182 72 37 oogst
2402 6178 139 30 inderdaad
2558 6177 197 35 buitengewoon
2773 6182 106 32 gunstig
2898 6188 51 18 was
2965 6185 31 25 ge-

2073 6208 79 26 weest
2169 6207 71 25 hield
2256 6208 30 25 de
2304 6211 213 35 spekulatiegeest
2533 6219 48 24 op,
2600 6220 32 17 en
2647 6216 110 25 verzonk
2774 6215 31 26 de
2823 6214 87 26 markt
2926 6211 27 25 in
2962 6219 46 17 een

2073 6237 120 30 toestand
2210 6247 50 18 van
2277 6243 87 30 groote
2383 6242 190 32 lusteloosheid,
2593 6244 79 25 welke
2688 6247 41 26 tot
2747 6248 61 25 Juni
2822 6244 129 30 aanhield.
2969 6243 39 26 De

2073 6272 154 33 Meiveiling
2243 6270 54 37 liep
2314 6282 61 20 voor
2392 6279 31 26 de
2440 6280 90 26 bruine
2549 6283 31 17 en
2598 6275 91 28 blonde
2708 6281 103 25 soorten
2829 6281 24 28 ƒ
2867 6281 52 24 i'»a
2928 6276 79 31 :iibo

2075 6313 46 15 ven
2139 6302 86 27 Maart
2243 6309 30 21 en
2291 6313 60 20 voor
2369 6309 30 25 de
2415 6312 73 25 witte
2506 6308 103 26 soorten
2627 6315 32 24 op
2675 6311 31 24 de
2724 6311 105 33 pariteit
2846 6320 48 17 van
2911 6309 96 26 Maart.

2073 6335 70 25 Voor
2169 6335 116 28 uitvoer,
2310 6338 184 35 hoofdzakelijk
2522 6347 64 19 naar
2609 6339 90 34 België
2722 6351 32 18 en
2770 6344 117 30 Zweden,
2906 6341 100 28 werden

2073 6367 91 26 daarin
2180 6371 33 22 30
2230 6374 15 20 a
2261 6372 90 28 35,000
2367 6372 48 34 krj.
2433 6374 119 32 gekocht.

2105 6399 41 26 Na
2163 6399 32 26 de
2217 6400 96 35 veiling
2329 6405 177 28 ondervonden
2524 6405 31 26 de
2572 6404 94 33 prijzen
2683 6413 52 25 nog
2751 6416 61 18 eene
2829 6407 104 26 verdere
2950 6413 43 19 ver-

2073 6432 90 35 laging
2187 6441 48 19 van
2262 6435 25 31 ƒ
2298 6437 59 33 D/4,
2383 6446 31 19 en
2439 6449 63 19 voor
2526 6437 32 27 do
2583 6437 81 33 hooge
2689 6438 65 32 NV,
2771 6441 63 26 zelfs
2851 6450 47 17 van
2917 6441 25 31 ƒ
2954 6441 33 33 13/
2987 6451 12 19 4
3001 6459 6 7 .

2073 6467 40 33 Op
2130 6467 45 26 dat
2192 6467 136 34 verlaagde
2346 6470 141 35 standpunt
2504 6470 135 27 boezemde
2656 6471 45 25 bet
2718 6474 94 25 artikel
2829 6474 90 25 echter
2936 6474 57 32 alge-

2072 6506 74 19 meen
2163 6502 162 26 vertrouwen
2342 6509 26 20 in
2379 6523 5 12 ,
2401 6511 31 20 en
2450 6506 33 33 bij
2502 6504 32 26 de
2542 6502 196 34 verlevendigde
2748 6514 79 25 vraag
2837 6514 61 18 naar
2909 6506 97 33 geraffi,

2072 6533 93 27 neerde
2190 6534 102 31 suiker,
2316 6535 90 28 traden
2424 6537 32 26 de
2472 6535 169 28 raffinadeurs
2657 6535 39 26 als
2712 6537 102 33 gretige
2829 6539 109 32 koopers
2955 6546 35 25 op-

2072 6566 133 27 waardoor
2220 6566 32 27 de
2267 6568 102 26 waarde
2383 6569 58 27 zich
2458 6569 85 26 weder
2558 6567 172 32 eenigermate
2748 6561 136 35 herstelde.

2102 6596 40 30 De
2158 6599 154 35 Juliveiling
2327 6600 52 40 liep
2395 6602 26 31 ƒ
2431 6601 18 24 i/
2448 6613 11 21 s
2478 6611 14 18 a
2509 6601 33 34 8/4
2559 6599 79 28 onder
2655 6598 67 34 Mei,
2740 6608 32 20 en
2787 6601 86 28 sedert
2890 6601 60 27 dien
2957 6599 50 35 tijd

2070 6631 181 30 ondervonden
2276 6633 30 26 de
2328 6634 99 38 prijzen
2452 6633 96 30 slechts
2569 6632 107 34 geringe
2692 6633 196 34 afwisselingen,
2904 6640 89 20 veroor-

2070 6664 76 27 taakt
2163 6665 64 27 door
2242 6660 125 38 tijdelijke
2383 6666 117 33 grootere
2519 6666 28 26 of
2561 6665 113 27 kleinere
2691 6666 188 26 arrivementen
2895 6672 32 20 en
2944 6666 63 26 door

2069 6693 32 30 de
2118 6696 116 28 meerder
2249 6698 30 26 of
2291 6697 99 28 minder
2406 6697 138 28 koelanten
2561 6692 85 33 aftrek
2663 6703 48 21 van
2721 6692 183 39 geraffineerde
2913 6698 93 30 suiker,

2070 6732 67 25 waar
2143 6731 31 30 bij
2192 6731 54 26 zich
2265 6731 37 26 als
2321 6732 150 31 gewoonlijk
2490 6732 30 25 de
2537 6730 204 27 vooruitzichten
2758 6729 115 30 omtrent
2888 6728 106 30 deiinaii-

2070 6763 123 26 -aanduii
2210 6757 221 40 betuu-tsroofii
2448 6758 120 39 vöefd—,

3085 97 86 33 Tegen
3189 98 151 32 September
3357 98 47 32 gaf
3418 98 31 26 de
3476 98 145 40 belangrijk
3641 99 151 26 afnemende
3817 100 125 25 voorraad
3960 99 27 25 in

3054 130 30 22 «le
3100 131 97 22 meeste
3214 130 111 30 havens,
3341 130 47 25 het
3405 131 136 32 geregelde
3557 130 132 27 débouché
3706 138 63 19 voor
3785 132 118 31 gemalen
3915 131 72 26 melis

3053 169 32 18 en
3102 170 64 17 voor
3182 162 128 31 brooden,
3328 170 32 19 en
3379 163 31 26 de
3426 171 71 18 vrees
3516 164 46 26 dat
3581 164 31 25 de
3628 164 150 25 kwantiteit
3800 163 46 26 der
3862 163 110 26 beetwor-

3053 194 69 24 telen
3139 194 56 24 niet
3211 202 48 17 aan
3275 195 30 24 de
3322 196 103 30 raming
3441 204 47 17 zou
3506 196 215 28 beantwoorden,
3739 203 48 15 aan
3806 196 31 24 de
3847 196 87 24 markt
3941 202 47 18 een

3053 228 86 21 vaster
3295 228 92 25 zoodat
3406 227 50 27 dan
3474 228 50 26 ook
3541 228 31 26 de
3591 226 250 35 Septeinberveiling
3850 227 25 30 ƒ
3892 227 32 34 S/4
3941 234 15 19 a
3978 229 8 22 1

3054 256 80 25 boven
3152 256 54 26 Juli
3224 260 69 24 werd
3309 260 112 25 betaald.

3086 289 37 24 De
3141 289 96 26 handel
3252 291 26 26 in
3295 292 129 26 koloniale
3441 293 86 25 suiker
3544 300 51 18 was
3614 291 86 26 sedert
3709 291 151 32 September
3869 292 53 26 niet
3933 299 57 19 zeer

3053 320 125 34 levendig.
3196 322 86 33 Tegen
3298 325 50 25 den
3364 317 103 34 kleinen
3484 325 125 26 voorraad
3627 322 27 26 in
3672 324 31 25 de
3719 325 148 31 entrepóts,
3893 326 40 25 die
3960 325 28 25 de

3053 352 111 26 houders
3181 357 86 24 vaster
3282 357 98 25 stemde
3391 377 5 8 ,
3415 358 109 25 stonden
3541 358 81 24 ruime
3633 354 188 33 aanbiedingen
3830 365 50 17 van
3889 358 99 24 nieuwe

3053 385 145 26 bectsuiker
3216 387 40 25 tot
3272 386 171 37 betrekkelijk
3461 390 86 33 lagere
3567 389 97 33 prijzen
3680 394 69 22 over,
3767 396 120 20 waaraan
3896 390 31 25 de
3938 389 39 26 raf-

3053 417 128 26 finadeurs
3197 418 31 26 de
3244 422 128 25 voorkeur
3387 430 98 25 gaven,
3504 422 90 25 vooral
3605 416 159 35 'tengevolge
3789 420 45 26 der
3850 422 139 26 bestaande

3053 450 220 35 wanverhouding
3289 454 122 27 tusschen
3428 455 31 26 de
3477 455 96 33 prijzen
3591 461 50 18 van
3658 450 167 28 Java-suiker
3843 463 31 17 en
3883 463 51 18 van
3947 462 28 27 ge-

3053 481 144 27 raffineerd.

3086 516 48 22 Ter
3152 516 164 38 voorziening
3333 526 48 19 van
3400 519 126 32 dadelijke
3546 516 128 31 behoefte,
3691 516 69 25 werd
3778 516 31 26 de
3835 517 138 27 November-

3056 546 94 37 veiling
3167 548 41 25 tot
3226 548 31 26 de
3275 550 92 31 prijzen
3387 560 46 15 van
3455 550 151 33 September
3622 557 32 17 en
3672 548 25 30 ƒ
3709 548 28 32 l/_
3755 549 98 32 hooger
3879 552 111 28 betaald,

3056 575 63 28 doch
3136 586 26 19 m
3180 580 168 33 partikuliere
3366 585 110 32 partijen
3494 592 52 17 was
3563 582 30 25 de
3611 581 84 25 omzet
3719 588 58 18 zeer
3801 580 117 35 beperkt.
3952 583 38 26 De

3056 609 78 26 laatst
3158 611 104 27 bestede
3288 614 59 32 prijs
3365 624 61 17 voor
3443 615 113 26 zeilende
3574 613 122 33 ladingen
3712 613 67 26 Java
3797 621 48 18 van
3863 615 48 26 den
3921 617 56 26 nieu-

3056 650 52 17 wen
3126 646 74 28 oogst
3219 653 52 17 was
3289 646 45 30 ƒ1
3354 656 15 17 a
3390 648 45 32 U/_
3452 648 116 25 beneden
3586 646 154 26 November.

3085 673 32 26 In
3132 672 149 32 inlandsche
3298 678 148 27 bectsuiker
3461 680 111 31 hadden,
3589 678 80 27 onder
3686 678 48 26 den
3749 677 94 27 indruk
3852 679 46 26 der
3906 680 67 27 Cuba-

3056 706 216 34 gebeurtenissen,
3289 711 74 26 reeds
3380 712 26 25 in
3425 713 125 25 Februari
3569 711 170 32 afdoeningen
3758 717 32 17 on
3808 711 48 25 den
3882 713 92 32 volgen-

3056 737 47 26 den
3122 742 73 31 oogst
3211 750 50 18 van
3281 742 94 34 /__l_
3394 751 17 19 a
3423 745 64 32 SU/a
3506 754 32 25 op
3556 743 69 27 basis
3648 743 37 26 n°.
3706 745 27 22 12
3759 743 91 31 plaats.
3886 743 32 28 In
3941 744 48 30 den

3056 778 84 18 zomer
3155 770 91 30 daalde
3263 775 31 26 de
3311 776 61 32 prijs
3389 777 85 25 weder
3490 785 33 24 op
3539 777 26 31 f
3573 776 73 32 29i/_,
3664 775 65 26 doch
3745 775 130 26 herstelde
3892 777 56 26 zich
3965 778 25 24 in

3056 802 115 27 Oktober
3184 807 43 24 tot
3243 807 25 30 ƒ
3276 809 78 32 301/»,
3380 809 94 33 terwijl
3498 809 35 33 hij
3552 809 78 26 thans
3654 815 32 26 op
3713 815 126 25 ongeveer
3855 809 26 30 f
3889 810 64 32 293/4
3969 810 21 26 is

3056 843 47 18 aan
3119 835 26 26 te
3162 844 99 20 nemen.

3086 867 39 26 De
3141 868 90 27 invoer
3244 872 43 25 tot
3302 873 122 26 verbruik
3439 874 28 25 in
3487 876 26 24 11
3533 874 126 26 maanden
3680 872 115 32 bedroog
3810 872 67 27 ruim
3895 876 15 24 8
3930 874 46 26 mil-

3056 899 66 26 lioen
3138 900 193 33 kilogrammen.
3356 906 57 26 Van
3430 906 130 33 belgische
3574 905 146 28 bectsuiker
3730 902 102 27 werden
3841 907 81 26 alhier
3931 914 45 19 aan-

3056 933 109 30 gevoerd
3182 934 37 25 3-/
3230 954 11 12 „
3257 937 113 26 millioen
3387 939 188 32 kilogrammen
3586 959 6 9 ,
3617 946 31 18 en
3671 945 51 18 van
3738 937 170 26 boheemsehe
3925 939 65 26 ruim

3057 967 9 21 1
3086 965 115 26 millioen
3217 965 185 34 kilogrammen
3415 991 5 8 ,
3438 972 79 25 welke
3539 972 26 26 in
3582 971 31 26 de
3631 977 98 27 opgave
3746 977 51 17 van
3814 977 111 20 aanvoer
3941 979 48 19 van

3056 1004 69 18 ruwe
3142 998 86 26 suiker
3243 999 54 25 niet
3317 1009 50 25 zyn
3385 1002 136 34 begrepen.

3086 1029 39 26 De
3150 1030 133 27 berichten
3309 1035 112 25 omtrent
3439 1036 47 25 den
3504 1037 76 31 oogst
3595 1035 89 27 luiden
3700 1043 50 17 van
3767 1033 70 32 bijna
3854 1033 48 26 alle
3920 1036 57 26 kolo-

3056 1061 58 26 niën
3132 1070 57 18 zeer
3213 1063 122 33 gunstig,
3352 1067 87 25 vooral
3458 1076 50 18 van
3526 1069 155 30 Mauritius,
3699 1074 70 19 waar
3785 1074 46 18 een
3852 1065 138 35 opbrengst

3056 1102 48 17 van
3132 1096 46 24 130
3201 1096 115 26 millioen
3332 1096 185 34 kilogrammen
3535 1102 84 26 wordt
3639 1100 139 26 verwacht.
3803 1098 39 25 De
3854 1097 136 28 Louisiana

3056 1126 136 33 produktie
3215 1128 54 32 zal,
3291 1128 106 34 volgens
3413 1130 31 26 de
3461 1131 96 28 laatste
3572 1134 144 33 tijdingen,
3733 1131 41 26 die
3790 1140 51 18 van
3860 1134 61 24 1868
3938 1133 52 26 niet

3056 1159 161 26 overtreffen.

3070 1222 21 11 _,
3138 1222 7 11 ,
3567 1201 70 24 1868.
3693 1200 69 24 1869.

3071 1224 90 25 lotale
3178 1231 111 19 aanvoer
3305 1233 50 18 van
3372 1233 69 19 ruwe
3452 1228 86 26 suiker
3557 1232 90 32 128V1»
3683 1231 90 32 118'/,,
3789 1228 116 27 millioen
3918 1228 57 27 KG.

3073 1254 89 27 Totale
3178 1256 102 27 uitvoer
3295 1265 51 19 van
3361 1265 71 20 ruwe
3444 1260 92 27 suiker.
3569 1265 33 25 23
3604 1264 44 33 4/„
3693 1266 33 24 35
3726 1263 22 33 8/
3751 1280 20 15 10
3837 1272 13 14 n
3934 1272 13 14 n

3071 1287 90 25 Totale
3178 1289 102 25 uitvoer
3295 1298 48 17 van
3353 1292 87 31 geraff.
3451 1293 85 25 suiker
3569 1298 78 31 85'/,,
3693 1298 33 24 93
3836 1305 12 13 »
3934 1304 13 14 »

3086 1369 71 27 Door
3172 1369 46 26 het
3236 1370 181 32 departement
3433 1381 51 18 van
3501 1374 125 27 finantiën
3644 1376 21 26 is
3681 1376 183 34 medegedeeld
3882 1377 31 27 de
3930 1377 45 26 vol-

3056 1402 81 33 gende
3155 1409 98 26 opgave
3272 1409 50 19 van
3339 1403 30 25 de
3386 1411 33 25 op
3436 1408 28 21 31
3484 1406 142 27 December
3645 1411 61 24 1869
3723 1409 27 26 in
3763 1409 30 26 de
3803 1410 187 26 onderstaande

3056 1435 132 32 entrepot*
3204 1435 144 32 aanwezige
3366 1435 165 28 hoeveelheid
3549 1439 107 27 buitenl.
3674 1448 70 18 ruwe
3761 1442 102 25 suiker:

3151 1467 164 26 Amsterdam
3658 1475 143 27 10,458,197
3817 1474 94 33 kilogr.

3152 1500 154 26 Rotterdam
3673 1507 131 27 5,696,374
3863 1517 12 14 »

3152 1532 137 27 Schiedam
3699 1539 104 26 658,697
3862 1548 13 13 »

3152 1564 146 26 Dordrecht
3698 1571 106 26 777,836
3863 1579 13 12 *

3151 1596 167 34 Middelburg
3699 1602 105 28 623,354
3863 1609 13 15 »

3465 1661 154 28 Totaal....
3659 1665 144 31 18,214,458
3819 1663 93 33 kilogr.

3086 1743 58 27 Van
3161 1744 45 26 het
3223 1744 137 27 konsulaat
3377 1744 46 27 der
3442 1744 158 35 Vereenigde
3609 1746 92 26 Staten
3712 1754 48 20 van
3771 1746 87 27 Noord
3869 1744 120 28 Amerika

3056 1776 81 26 alhier
3154 1780 149 33 ontvangen
3322 1779 41 33 wij
3391 1778 48 27 den
3456 1778 144 35 volgenden
3620 1779 109 28 STAAT
3745 1779 74 28 VAN
3836 1778 154 30 UITVOER

3056 1819 48 18 van
3120 1811 32 26 de
3169 1811 84 28 haven
3270 1820 50 19 van
3337 1812 165 27 Amsterdam
3517 1820 64 19 naar
3598 1812 31 27 de
3646 1812 158 35 Vereenigde
3823 1813 100 32 Staten,
3940 1820 50 19 van

3056 1846 11 21 1
3085 1844 110 26 Januari
3211 1845 41 25 tot
3269 1847 28 24 31
3318 1845 142 26 December
3480 1848 74 22 1869:

3347 1887 119 25 Waarde.
3822 1889 119 25 Waarde.

3056 1916 81 25 Leder
3305 1918 181 30 ƒ102,162.03
3530 1917 105 26 Erwten
3783 1928 12 15 »
3844 1922 116 27 2,282.50

3056 1948 111 32 Botting
3307 1959 12 12 //
3354 1950 159 31 62,119.531/.
3530 1950 170 31 Schilderijen
3726 1950 38 30 (in

3056 1980 69 24 Kaas
3307 1989 12 13 //
3370 1982 115 27 4,384.34
3562 1981 59 30 olie)
3783 1990 12 13 «
3830 1983 129 27 11,560.25

3056 2009 128 27 Likeuren
3308 2022 13 13 »
3358 2015 126 27 10,380.95
3530 2011 92 26 Suiker
3781 2022 12 14 »
3828 2016 131 26 39,282.63

3056 2042 102 32 Haring
3308 2054 12 13 «
3357 2047 128 27 18,782.17
3530 2044 65 25 Gom
3614 2044 87 26 damar
3783 2055 12 14 «
3844 2048 116 28 7,677.50

3056 2074 178 27 Bloembollen
3308 2087 11 13 «
3354 2079 130 28 54,769.25
3530 2076 210 35 Wilgentwijgen
3752 2091 40 15 ..»
3869 2079 120 32 631.68i/_

3056 2107 85 26 Zaden
3308 2119 12 14 »
3357 2112 128 27 14,560.95
3530 2109 263 28 Haarlemmerolie.»'
3844 2114 115 30 7,310.24

3056 2139 110 26 Jenever
3308 2152 11 13 //
3354 2145 130 27 78,184.42
3530 2143 65 33 Lijm
3783 2154 11 15 *
3848 2147 112 30 1,478.28

3056 2172 103 26 Boeken
3307 2185 12 13 «
3369 2173 146 32 3,028.99/2
3530 2174 120 28 Cubeben
3783 2189 12 13 «
3869 2181 91 26 247.25

3056 2204 84 26 Koffie
3306 2218 13 12 //
3341 2211 143 27 176,121.59
3522 2209 163 37 jAardpijpen
3783 2222 12 13 //
3844 2215 115 28 4,699.64

3056 2237 69 33 Wijn
3308 2250 12 13 »
3373 2243 111 27 1,498.05
3529 2241 168 30 B_lterwater
3783 2255 11 12 «
3869 2248 91 24 523.60

3056 2269 149 30 Bloemkool
3306 2282 13 15 »
3369 2276 116 27 2,655.75
3521 2269 79 43 JLood
3783 2288 12 12 «
3830 2280 130 28 11,271.32

3056 2302 242 30 Notenmuskaat...
3307 2315 11 13 «
3369 2309 115 26 5,784.92
3521 2298 96 38 JBanca
3634 2308 48 26 Tin
3781 2321 12 13 »
3828 2313 131 28 24,449.22

3056 2334 112 34 Lompen
3306 2348 12 14 »
3369 2335 145 37 9,484.20V_
3529 2340 71 27 Arak
3783 2353 11 14 *
3873 2346 86 24 150.34

3056 2367 110 33 Cajeput
3178 2369 58 28 Olie
3306 2381 12 13 »
3392 2375 89 22 655.—
3529 2374 117 26 Bronzen
3653 2374 142 33 goederen»
3848 2379 71 27 1,540
3928 2389 31 4 —

3056 2399 83 27 Traan
3307 2414 12 12 «
3392 2407 91 22 469.35
3528 2406 87 26 Foelie
3782 2419 12 11 «
3830 2411 129 27 12,607.63

3056 2432 162 28 Anchovis-i
3307 2446 12 14 »
3369 2439 116 28 2,717.97
3529 2439 136 33 Rijpaarde
3782 2450 12 15 »
3869 2443 90 26 944.47

3056 2465 116 33 Vanielje
3306 2479 12 12 «
3372 2472 111 27 1,232.—

3056 2497 213 30 Stearinkaarsen
3278 2511 44 15 ..«
3373 2504 111 28 1,236.08
3594 2504 93 27 Totaal
3780 2504 26 32 ƒ
3814 2506 105 31 709,247
3928 2519 32 5 —

3056 2528 120 37 Meekrap
3307 2545 11 12 „
3353 2537 130 28 42,362.89

3086 2572 39 26 De
3141 2575 103 27 uitvoer
3260 2584 50 19 van
3326 2577 47 27 het
3390 2580 89 34 vorige
3491 2580 61 35 jaar
3569 2589 52 20 was
3639 2581 224 33 ƒ1,090,326.18;
3880 2582 94 26 vermin-

3056 2606 63 26 derd
3133 2608 25 30 ƒ
3176 2611 161 27 381,079.18.

3087 2676 295 38 ROTTERDAM,
3399 2683 17 24 3
3432 2682 59 26 Jan.
3526 2682 40 33 Op
3582 2682 46 26 het
3646 2681 60 26 land
3725 2689 51 17 was
3797 2682 146 31 gedurende
3961 2682 31 26 de

3054 2708 89 32 vorige
3161 2709 71 26 week
3248 2711 79 32 goede
3345 2720 80 26 vraag
3442 2722 63 19 voor
3521 2715 63 25 vlas.
3611 2714 38 25 De
3661 2721 113 18 aanvoer
3789 2714 43 24 ter
3848 2715 86 24 markt
3944 2722 50 17 van

3054 2740 84 26 heden
3155 2748 53 18 was
3224 2738 107 37 redelijk
3348 2747 76 28 groot
3442 2754 32 17 en
3490 2738 71 34 werd
3576 2746 63 32 vlug
3657 2745 158 32 opgeruimd.
3833 2745 102 33 Prijzen
3943 2754 51 18 van

3054 2776 33 25 38
3104 2773 43 26 tot
3163 2776 33 25 68
3213 2774 31 26 st.
3261 2774 27 26 te
3306 2777 130 27 noteeren.

3089 2806 113 25 Granen.
3228 2807 71 25 Door
3315 2809 211 26 onbeduidcnden
3543 2811 107 24 toevoer
3666 2817 51 17 van
3735 2807 150 25 inlandsche
3894 2816 100 24 granen

3056 2845 52 19 was
3125 2837 31 27 de
3174 2837 93 28 handel
3286 2846 48 19 van
3352 2841 94 33 weinig
3463 2841 156 32 beteekenis,
3638 2839 92 33 terwijl
3750 2839 30 26 de
3797 2839 96 33 prijzen
3912 2848 66 25 nage-

3054 2878 67 25 noeg
3145 2878 79 25 geene
3249 2872 172 32 verandering
3439 2875 187 32 ondergingen;
3653 2872 50 26 ook
3728 2872 26 25 in
3780 2872 215 25 buitenlandsche

3054 2903 64 33 ging
3136 2910 57 18 zeer
3209 2903 94 33 weinig
3320 2911 43 18 om
3379 2913 32 18 en
3430 2906 83 25 alleen
3530 2906 22 25 is
3568 2904 152 33 genoteerd:
3738 2904 90 24 Tarwe
3848 2904 105 31 126/127
3973 2924 18 4 _

3054 2935 99 26 nieuwe
3171 2935 206 27 bovenlandsche
3386 2937 25 30 ƒ
3423 2940 57 28 265,
3500 2937 106 32 124/125
3614 2937 25 25 S?
3656 2936 56 26 dito
3719 2935 25 31 ƒ
3752 2937 50 24 260
3811 2942 44 26 per
3865 2937 65 24 2400
3938 2935 56 25 KG.

3054 2969 99 31 Rogge.
3183 2968 104 31 124/125
3307 2989 19 4 _
3346 2969 117 25 fransche
3474 2969 25 27 ƒ
3507 2972 50 22 210
3572 2976 46 24 per
3634 2970 65 22 2100
3709 2968 56 25 KG.
3791 2967 84 26 Gerst.
3888 2969 76 32 96/98
3972 2968 22 22 ffi

3054 2999 145 27 zeeuwsche
3226 2999 93 26 winter
3338 2999 25 30 ƒ
3378 3002 66 26 8.75
3461 2993 54 44 j>er
3542 3002 46 24 100
3606 2999 56 26 KG.
3696 2999 94 26 Haver.
3816 2999 76 33 72/75
3908 2999 24 26 fi.'
3950 2996 45 27 ml.

3054 3040 61 19 voer
3132 3032 26 31 ƒ
3174 3035 66 26 8.75
3256 3041 15 18 a
3288 3035 15 22 9
3320 3040 45 26 per
3385 3035 46 22 100
3448 3030 57 30 KG.
3539 3032 130 33 Lijnzaad.
3697 3032 105 33 111/112
3826 3053 19 5 _
3863 3031 63 34 puik
3944 3039 32 25 pe-

3054 3065 150 33 tersburger
3221 3066 26 30 ƒ
3262 3067 66 24 3.50
3344 3072 46 26 per
3405 3065 58 26 last.
3989 3077 7 22 ;

3087 3098 235 33 -CUIEDAI-t,
3348 3102 17 24 3
3379 3097 59 30 Jan.
3474 3098 136 34 Moulwijn
3628 3099 26 33 f
3676 3100 90 32 11.50;
3781 3100 107 32 jenever
3907 3098 73 32 fl7

3057 3135 77 24 amst.
3155 3135 80 31 proef
3248 3132 25 31 ƒ
3285 3135 93 30 18.25;
3396 3133 113 33 spoeling
3524 3133 25 32 ƒ
3563 3136 70 25 1.90.

3087 3161 304 33 Hi_-.lLii\---lIE
3413 3167 128 34 VEER,
3560 3170 15 24 3
3592 3167 59 27 Jan.
3669 3167 35 26 Er
3722 3167 71 27 heeft
3809 3165 84 27 heden
3912 3165 84 27 alhier

3053 3207 60 19 eene
3131 3208 58 20 zeer
3206 3200 159 34 belangrijke
3383 3200 90 33 daling
3489 3201 26 25 in
3533 3201 31 25 de
3581 3201 164 32 zalmprijzcu
3762 3202 40 22 ter
3815 3201 86 25 markt
3909 3200 85 33 plaats

3053 3234 151 35 gevonden;
3222 3234 34 30 bij
3289 3241 57 17 zeer
3363 3233 125 31 beperkte
3511 3240 144 17 aanvoeren
3680 3233 27 22 in
3724 3231 32 24 de
3771 3231 89 31 vorige
3875 3231 71 25 week
3964 3239 32 17 en

3054 3263 144 33 bijzondere
3216 3270 80 22 vraag
3320 3269 64 19 voor
3409 3263 106 24 Londen
3534 3263 70 25 werd
3628 3262 103 27 dezelve
3761 3269 61 18 voor
3840 3262 98 28 ƒ3.25
3954 3262 41 24 tot

3054 3298 24 27 ƒ
3087 3300 17 20 3
3120 3299 32 21 50
3169 3302 46 24 per
3233 3295 28 31 l/a
3282 3295 56 24 KG.
3365 3294 86 31 gretig
3469 3294 34 30 bij
3533 3294 84 30 afslag
3633 3293 139 28 verkocht,
3801 3293 92 30 terwijl
3913 3294 80 22 beden

3054 3327 34 32 bij
3107 3333 46 18 een
3171 3332 111 19 aanvoer
3300 3332 50 18 van
3365 3332 24 24 p.
3402 3332 33 17 m.
3451 3326 32 24 26
3502 3324 73 25 stuks
3593 3325 98 24 zalmen
3703 3343 5 11 ,
3725 3324 126 25 daarvoor
3867 3324 41 24 ter
3933 3331 47 18 nau-

3054 3357 120 27 wernood
3190 3356 26 32 f
3226 3360 15 21 2
3257 3364 45 24 per
3324 3356 28 31 Vs
3372 3356 54 25 KG.
3444 3356 52 25 kon
3513 3354 104 26 worden
3633 3354 130 32 gemaakt.
3789 3354 67 24 Deze
3875 3354 90 30 daling
3976 3354 19 24 is

3053 3387 190 33 hoofdzakelijk
3261 3390 41 24 toe
3319 3385 27 28 te
3357 3387 126 32 schrijven
3501 3393 48 18 aan
3567 3387 31 25 de
3614 3393 58 18 zeer
3679 3387 85 31 .lange
3772 3383 221 28 marktberichten

3053 3423 27 25 in
3098 3419 149 34 Kngelands
3262 3418 148 28 hoofdstad.

3089 3452 377 32 MONNBCIiENU-itl,
3483 3454 15 25 3
3515 3451 59 27 Jan.
3608 3451 152 27 Gedurende
3778 3451 46 26 het
3841 3450 152 34 afgeloopen

3053 3488 58 32 jaar
3128 3487 103 26 werden
3248 3494 32 26 op
3299 3485 30 26 de
3347 3485 149 26 kaasmarkt
3514 3485 84 26 alhier
3613 3485 125 26 verkocht
3746 3488 46 24 431
3804 3483 96 35 stapels
3917 3484 76 32 Kaas,

3053 3519 162 31 inhoudende
3235 3523 89 27 48,882
3339 3519 74 27 stuks
3431 3528 31 18 en
3480 3519 120 34 wegende
3619 3523 105 27 100,652
3742 3519 64 33 KG.,
3823 3527 120 20 waarvan
3961 3519 31 27 de

3053 3554 168 33 middenprüs
3228 3556 26 30 ƒ
3263 3556 83 24 30.50
3364 3560 44 30 per
3424 3557 32 21 50
3474 3554 56 24 KG.
3548 3553 118 30 bedroeg.

3086 3588 210 24 ALhMi.tH
3308 3604 8 11 ,
3333 3589 17 21 3
3366 3587 58 24 Jan.
3459 3585 169 33 Aangevoerd
3646 3589 32 22 26
3694 3583 133 31 kalveren,
3847 3585 40 25 die
3899 3583 93 33 golden

3054 3619 25 30 ƒ
3089 3622 31 21 40
3131 3626 15 17 a
3155 3621 47 24 85.
3222 3621 11 20 1
3253 3618 110 25 nuchter
3378 3618 56 25 dito
3443 3618 65 31 ƒB,
3528 3622 45 21 166
3589 3619 111 32 schapen
3703 3618 24 30 ƒ
3739 3620 28 21 12
3776 3625 15 17 a
3801 3620 46 27 30,
3867 3620 43 21 111
3922 3619 70 24 vette

3054 3648 110 26 varkens
3172 3648 26 31 ƒ
3204 3652 69 22 0.40
3280 3657 17 18 a
3304 3651 66 24 0.58
3386 3658 45 22 per
3451 3650 57 25 K(i.

3089 3681 106 32 ('RH,
3220 3683 15 26 2
3253 3680 59 26 Jan.
3338 3680 32 26 In
3398 3681 31 26 de
3446 3680 89 34 vorige
3553 3681 70 27 week
3640 3689 52 19 was
3711 3679 30 26 de
3758 3679 63 33 prijs
3837 3687 50 18 van
3906 3680 71 27 schel-

3054 3715 70 25 viseh
3143 3715 25 28 ƒ
3181 3717 28 22 18
3217 3717 57 22 a2O
3293 3713 31 26 de
3344 3717 45 22 100
3406 3715 80 30 stuks,
3504 3723 47 24 rog
3567 3719 33 21 25
3617 3723 17 17 a
3650 3717 33 22 40
3700 3712 72 26 cents
3790 3712 45 24 het
3853 3713 67 31 stuk,
3931 3722 46 24 pan-

3058 3746 92 30 haring
3168 3746 98 31 ƒ3.75
3281 3745 46 27 het
3346 3745 38 27 tal
3400 3748 30 25 of
3443 3750 50 22 200
3509 3746 79 26 stuks.

3087 3780 109 32 T__!.,
3214 3783 15 21 3
3246 3780 59 25 Jan.
3331 3778 80 27 Ruwe
3425 3780 85 34 jarige
3528 3780 129 26 ris-taru-
3667 3776 24 30 ƒ
3704 3778 78 22 10.50
3798 3783 15 17 a
3835 3778 84 31 11.50;
3937 3778 54 26 dito

3053 3813 83 33 jarige
3154 3813 99 25 nieuwe
3270 3813 99 30 ƒ8.50
3387 3822 15 15 a
3419 3817 80 26 9.50;
3516 3811 77 26 roode
3608 3810 85 32 jarige
3711 3807 56 26 dito
3784 3808 25 28 ƒ
3828 3811 27 21 10
3872 3819 15 17 a
3906 3815 30 22 10
3952 3816 39 26 50;

3060 3844 54 25 dito
3131 3846 99 25 nieuwe
3248 3846 25 30 ƒ
3289 3849 14 24 7
3321 3853 15 17 a
3352 3848 79 28 8.50;
3457 3854 76 24 rogge
3549 3843 25 30 f
3592 3846 14 21 6
3624 3843 32 22 25
3672 3848 15 15 a
3704 3842 15 24 7
3737 3842 47 26 25;
3810 3840 181 32 Winter-Borsi'

3054 3878 50 31 ƒ6
3122 3886 15 18 a
3154 3880 80 28 6.50;
3252 3886 85 18 zomer
3353 3878 99 31 ƒ5.50
3469 3887 14 17 a
3502 3876 78 31 6.25;-.
3599 3876 79 24 haver
3697 3872 24 30 f
3730 3875 111 24 2.50a4
3860 3876 38 31 50j
3915 3879 60 24 boek-

3053 3914 58 22 weit
3128 3911 25 30 f
3169 3914 14 22 1
3203 3918 15 18 a
3235 3913 31 27 8;
3292 3913 193 24 duivenboonen
3502 3908 25 31 f
3543 3908 65 25 8.50
3625 3912 14 18 a
3657 3908 31 25 9;
3712 3902 188 31 kroon-cru.,»
3919 3908 24 30 ƒ
3964 3913 27 21 io

3054 3951 14 17 a
3090 3944 43 31 11;
3158 3950 104 25 grauwe
3288 3941 56 26 dito
3361 3943 50 30 ƒ9
3431 3946 45 27 11;
3493 3938 151 34 kapucijner
3659 3935 54 26 dito
3731 3935 112 32 ƒ9ll,
3867 3940 63 26 alles
3948 3950 43 25 per

3053 3974 71 32 III..;
3143 3976 69 26 boter
3228 3981 46 26 per
3289 3974 57 27 KG.
3364 3974 25 32 ƒ
3400 3978 63 22 1.10
3477 3980 17 19 a
3514 3974 72 26 1.30;
3605 3973 69 21 eiren
3691 3974 46 27 per
3763 3970 32 26 26
3811 3971 73 27 stuks
3893 3974 98 28 ƒ0.90

3053 4017 15 15 a
3085 4009 57 28 ƒl.
3176 4009 39 28 Bij
3241 4006 139 33 redelijken
3406 4013 111 18 aanvoer
3543 4003 63 34 ging
3633 4000 44 26 het
3694 4000 131 32 aanz.nde
3843 4012 50 17 van
3909 4006 80 26 tarwe

3053 4039 65 34 goed
3137 4039 32 26 af.
3203 4037 100 35 Prijzen
3319 4035 185 31 'onveranderd.
3540 4033 90 32 Rogge
3646 4032 69 25 vond
3730 4033 129 33 moeielijk
3875 4036 115 37 koopers.

3059 4074 85 30 Garst,
3163 4072 80 26 haver
3260 4080 31 19 en
3308 4071 103 27 Boonen
3430 4071 39 25 als
3485 4076 85 19 voren.
3596 4065 105 26 Erwten
3718 4065 63 32 slap.
3807 4067 30 26 In
3848 4069 31 25 de
3888 4072 103 32 overige

3053 4098 126 32 artikelen
3201 4106 91 30 weinig
3309 4106 91 24 omzet.

3085 4134 137 30 STEEN
3228 4137 117 26 VJ'_.lï_
3357 4154 8 15 ,
3385 4139 14 21 3
3424 4133 117 26 Januari.
3567 4130 85 30 Rogge
3678 4128 26 28 ƒ
3728 4131 65 24 0.40
3808 4130 41 26 tot
3867 4133 25 31 ƒ
3909 4137 80 30 6.10;

3053 4170 124 25 Boekweit
3206 4170 41 26 fT,
3265 4174 32 21 50
3313 4169 41 25 tot
3372 4168 115 28 ƒ6.25;
3507 4166 78 24 Garst
3599 4162 98 28 ƒ5.25
3713 4162 41 24 tot
3771 4163 109 32 ƒ5.75;
3901 4168 90 26 Haver

3053 4202 25 28 f
3086 4205 64 22 3.40
3168 4204 41 24 tot
3226 4202 25 28 ƒ
3261 4204 78 26 4.05;
3366 4199 93 24 Eieren
3487 4202 45 26 per
3561 4196 46 21 100
3625 4193 73 22 stuks
3720 4194 25 27 ƒ
3754 4196 79 30 3.20;
3849 4196 80 27 Boter
3946 4208 45 24 per

3053 4234 30 32 V_
3100 4235 45 26 vat
3162 4243 48 18 van
3228 4233 67 30 ƒ59
3312 4231 41 26 tot
3379 4228 25 32 ƒ
3420 4232 39 22 69.
3477 4235 46 25 per
3541 4225 20 34 l/
3562 4237 9 20 8
3592 4224 45 26 vat
3653 4222 66 32 ƒ2B
3736 4225 40 27 tot
3794 4227 25 30 ƒ
3831 4231 96 32 29.25,
3946 4241 45 24 per

3053 4267 54 26 KG.
3132 4267 18 30 f
3165 4269 59 24 1.30
3244 4266 41 24 tot
3304 4264 106 30 ƒ1.36.

3084 4296 327 28 ÖLB_E!-iMI-T,31
3424 4292 59 25 Dec.
3496 4290 81 25 Boter
3585 4294 45 26 per
3640 4289 30 31 i,_
3689 4289 44 25 vat
3750 4290 25 30 ƒ
3784 4293 32 24 38
3824 4292 41 26 tot
3875 4293 115 34 ƒ58.50,

3053 4338 44 26 per
3117 4331 18 31 l/
3136 4343 8 18 8
3163 4331 46 25 vat
3226 4329 67 30 ƒ2B
3309 4330 33 22 50
3359 4326 40 25 tot
3417 4324 72 28 ƒ29.

3096 4362 211 27 _V__VEG_,
3319 4362 32 22 29
3359 4358 60 25 Dec.
3432 4357 77 24 Boter
3519 4361 44 25 per
3583 4381 2 4 
3621 4354 44 24 vat
3679 4359 50 19 van
3744 4354 60 30 ƒ5B
3816 4356 41 25 tot
3867 4358 25 28 ƒ
3900 4362 89 30 58.50,

3053 4403 43 21 per
3115 4396 28 28 I's
3162 4395 45 25 vat
3223 4393 67 31 ƒ2B
3307 4394 32 24 50
3356 4390 43 25 tot
3415 4388 73 30 ƒ29.

3085 4424 300 30 IH---TB6I-lIT,
3409 4424 15 22 3
3442 4420 58 25 Jan.
3536 4417 89 26 Tarwe
3645 4417 25 30 f
3685 4419 65 25 8.80
3767 4423 18 22 a
3784 4423 37 22 9.
3848 4436 30 4 —
3905 4424 25 26 R
3930 4434 60 22 og7e

3053 4462 45 27 fl
3122 4462 27 25 12
3165 4469 15 15 a
3196 4463 17 21 8
3229 4460 40 26 20.
3287 4470 31 4 —
3335 4456 93 24 Haver
3443 4454 26 28 f
3485 4453 64 26 3.76
3567 4457 15 18 a
3600 4452 72 22 3.92.
3691 4463 31 2 —
3738 4450 125 31 Boekweit
3882 4456 24 30 f
3925 4460 65 24 6.40

3053 4501 12 17 a
3084 4495 112 24 660.—
3214 4489 185 32 Aardappelen
3411 4487 25 30 f
3439 4488 8 21 1
3469 4486 80 24 92a2
3567 4485 80 24 09.—
3665 4481 80 27 Boter
3754 4485 38 30 fl
3813 4488 54 24 40a
3880 4489 69 26 1.48.
3959 4505 30 4 —

3053 4526 90 25 Eieren
3161 4527 24 28 f
3202 4526 72 22 4.50.
3291 4535 31 4 —
3339 4520 69 25 Hooi
3424 4519 124 30 ƒ133.25
3565 4522 15 17 a
3596 4515 117 28 ƒ35.60
3730 4522 32 17 en
3777 4517 76 25 Slroo
3868 4522 25 26 f
3912 4524 79 25 16.62

3053 4564 13 19 a
3083 4558 26 30 ƒ
3120 4559 30 22 18
3171 4559 22 22 11
3215 4561 46 27 per
3281 4554 63 25 1000
3359 4550 58 27 KG.

3084 4585 295 32 -NTWERPEN,
3398 4587 15 22 3
3430 4581 59 27 Jan.
3522 4579 152 27 Petroleum
3692 4577 71 26 werd
3783 4579 80 28 heden
3883 4583 105 30 betaald

3053 4622 51 26 met
3129 4622 30 25 fr.
3177 4624 56 22 60a
3244 4623 39 22 61.
3311 4619 54 26 Het
3381 4616 94 27 artikel
3493 4613 22 26 is
3531 4612 94 26 vaster.
3645 4623 31 4 —
3692 4610 87 31 Koffie
3796 4615 72 32 vast;
3887 4624 34 19 ca.
3940 4622 14 22 4
3973 4626 15 18 a

3053 4658 46 21 500
3118 4654 25 25 b.
3161 4654 130 32 Domingo
3307 4650 102 27 vonden
3429 4649 116 30 koopers.

3117 4713 180 47 Gouden
3326 4713 60 47 en
3416 4713 239 47 Zilveren
3684 4713 239 47 Specien.

3085 4779 178 26 10-Guldenst.
3281 4779 25 30 ƒ
3315 4779 64 22 9.85
3389 4782 14 17 a
3415 4774 79 25 9:95;
3511 4770 190 25 Ger.Dukaten
3711 4770 41 25 ƒ5
3768 4770 80 25 65a5
3863 4775 47 28 75;
3922 4774 63 33 Eng.

3053 4809 71 27 Soev.
3133 4813 25 28 ƒ
3171 4813 77 24 11.85
3257 4819 13 15 a
3283 4811 92 27 11.95;
3394 4801 117 30 Pistolen
3520 4800 99 32 ƒ970
3627 4806 15 17 a
3651 4800 47 28 80;
3707 4798 77 27 Louis
3794 4800 61 27 dOr
3863 4806 78 28 ƒ-.
3947 4818 38 21 —,

3053 4843 28 26 St
3106 4844 124 26 van°ofr
3246 4845 41 27 ƒ9
3305 4845 31 22 42
3343 4839 25 33 %
3378 4847 14 18 a
3402 4835 72 31 52i's;
3484 4833 84 26 Baren
3579 4832 115 26 Gouden
3705 4832 130 33 Speciëna
3843 4839 25 28 ƒ
3878 4839 61 27 1442
3956 4843 30 24 60

3053 4884 41 21 per
3113 4897 19 4 _
3156 4877 47 28 fijn
3224 4865 59 40 lïs/_
3302 4883 14 15 a
3337 4872 61 32 121/.
3415 4867 76 34 pCt.;
3514 4866 63 31 fijne
3593 4864 84 24 Baren
3694 4872 48 17 van
3763 4866 52 32 »»■■/
3875 4871 40 24 tot
3931 4876 54 27 950,

3053 4899 257 38 y___._--.
3330 4905 85 26 Baren
3432 4898 84 28 Zilver
3534 4898 48 24 900
3596 4896 43 25 tot
3656 4898 50 22 850
3713 4896 122 30 ƒ104.50
3850 4907 17 18 a
3879 4892 106 44 105.20:,

3053 4939 111 26 Piasters
3181 4941 99 31 ƒ2.50
3296 4948 15 15 a
3328 4942 17 21 2
3363 4938 47 26 60;
3435 4929 130 28 Fransche
3582 4928 105 25 Kronen
3704 4929 25 28 ƒ
3738 4932 65 25 2.70
3819 4935 17 30 a
3835 4935 87 30 2.75;
3948 4937 37 26 St.

3053 4980 47 17 van
3117 4976 17 21 5
3150 4972 31 25 fr.
3198 4972 25 31 ƒ
3231 4974 65 25 2.34
3313 4977 15 19 a
3343 4970 80 26 2.37;
3439 4962 79 27 Brab.
3535 4961 106 25 Kronen
3658 4959 25 30 ƒ
3691 4963 65 25 2.65
3774 4970 15 18 a
3806 4965 80 31 2.70;
3902 4967 83 28 Pruis.

3053 5003 123 27 Daalders
3193 5007 25 28 ƒ
3229 5008 60 25 1.73
3308 5009 14 19 a
3343 5004 9 22 1
3372 5001 40 26 76.

3279 5043 457 2 Scheepstijdingen.

3201 5094 128 26 (Behalve
3345 5089 32 25 de
3393 5086 73 27 reeds
3481 5089 48 25 per
3544 5083 124 30 telegram
3684 5083 130 30 gemelde.)

3083 5122 231 32 AMSTERDAM,
3332 5125 15 22 4
3364 5120 58 26 Jan.
3459 5113 112 33 Volgens
3588 5112 154 34 partikulier
3758 5113 125 35 telegram
3902 5118 21 26 is
3941 5119 45 27 het

3053 5158 92 25 nederl.
3171 5158 72 32 schip
3266 5157 107 33 Djawa,
3402 5150 71 40 kapt.
3493 5146 118 30 Bakker,
3635 5153 51 18 van
3703 5146 110 27 Batavia
3829 5148 156 35 herwaarts,

3053 5190 86 25 aldaar
3155 5190 43 25 lek
3213 5191 40 24 uit
3270 5198 41 17 zee
3328 5179 219 39 teruggekomen,
3563 5179 71 25 moet
3652 5179 81 26 lossen

3083 5237 31 5 —
3133 5223 151 26 Gedurende
3311 5222 45 25 het
3377 5219 60 32 jaar
3465 5216 60 24 1809
3544 5218 50 24 zijn
3612 5218 48 18 aan
3679 5211 30 25 de
3726 5212 67 25 /aan
3811 5215 175 31 aangekomen

3053 5257 45 22 146
3116 5255 125 33 schepen,
3260 5250 151 31 waaronder
3429 5252 50 21 van
3494 5244 107 26 Bassein
3619 5244 21 26 2,
3659 5244 94 30 Saigon
3772 5246 24 25 2,
3815 5243 123 33 Rangoon
3956 5251 30 25 2,

3053 5287 96 25 Zwarte
3167 5281 47 34 Zee
3231 5290 39 27 21,
3289 5283 119 31 Salonica
3429 5283 20 26 1,
3468 5274 158 32 Petersburg
3643 5276 32 22 30
3692 5281 32 18 en
3741 5274 133 35 Achangel
3894 5280 35 25 17.

3087 5320 150 28 LONDEN,
3257 5322 9 22 1
3287 5319 58 26 Jan.
3363 5316 56 26 Een
3433 5309 129 33 telegram
3579 5307 40 24 uit
3639 5304 150 31 lerranova,
3807 5306 41 25 dd.
3866 5308 120 32 gisteren,

3053 5350 92 26 meldt:
3171 5352 39 25 De
3228 5352 120 26 Carolina
3373 5342 145 37 Oorneha,.
3534 5339 70 33 kapt.
3622 5336 91 26 Peters
3745 5334 144 28 arriveerde
3907 5347 32 25 op
3956 5343 31 25 27

3053 5383 71 25 dezer
3141 5382 84 26 alhier
3241 5385 40 24 ter
3299 5381 89 31 reed.-;
3406 5379 31 25 de
3455 5370 158 37 ekwipaadje
3630 5376 27 18 in
3674 5368 146 32 veiligheid;
3831 5375 58 19 men
3907 5370 79 33 hoopt

3416 5440 87 31 berM
3523 5434 149 37 aangaande
3689 5432 210 33 bovengenoemdl
3914 5433 72 35 «Mp

3430 5477 81 19 Bahia
3521 5473 25 22 te
3557 5473 90 22 Genua
3663 5464 201 32 isgeamveerd.
3883 5465 86 31 [Rm.j

3485 5996 132 20 UITGEZEILD.

3080 6028 118 25 TEXEL,
3210 6028 14 20 :ï
3233 6028 66 22 Jan..
3309 6028 132 31 Z.-Z.W..
3459 6028 125 26 __ederik
3593 6028 155 22 Vil,Holm.
3759 6028 84 11 Newc.
3856 6027 9 2 -
3876 6028 107 11 Aurora,

3048 6054 104 26 Powell.
3162 6056 185 28 Sunderland.-
3357 6059 132 27 Eüsabeth
3500 6059 133 26 llarrison.
3646 6053 80 32 Boyes
3743 6046 152 31 Hartlepool

3079 6085 312 39 HELLEVOETSLUIS,
3400 6096 18 24 3
3426 6092 66 32 Jan.,
3510 6092 77 28 Z.W,
3604 6086 71 30 John
3681 6085 27 26 *
3716 6078 116 32 Charles,
3850 6072 133 57 Oari^

3047 6119 148 25 Rochoster.
3204 6132 11 5 -
3224 6119 119 37 Corcyra,
3353 6124 33 30 S.,
3396 6124 105 26 Dublin.
3511 6138 11 6 -
3531 6120 144 37 Kinghorn,
3683 6115 38 31 B-,
3728 6115 86 26 Lnth.
3831 6123 12 6 -

3047 6158 91 24 rance.,
3148 6150 33 32 S,
3193 6151 150 31 Newcastle.
3353 6170 8 5 -
3373 6156 144 33 Princeton,
3529 6157 90 27 Chase,
3630 6150 77 28 id.-W
3716 6145 81 28 dü__
3808 6139 176 31 MtanS,

3047 6184 87 26 Goole.
3152 6198 9 5 -
3180 6183 93 33 Sudan,
3291 6184 139 37 Schlöffler,
3439 6188 163 30 Brouwersh.
3618 6201 32 5 -
3669 6182 119 28 Gisteren
3797 6183 65 25 nog.
3880 6175 104 30 John^

3047 6216 118 30 Isabella,
3201 6223 103 27 ounger,
3318 6221 77 26 Newc

3078 6248 156 31 BRIELLE,
3244 6254 15 21 3
3269 6250 65 28 Jan..
3344 6252 76 34 Z.W.;
3431 6254 57 27 Leo.
3498 6254 33 32 8.,
3541 6253 113 27 Londen.

3078 6281 202 31 MAASSLUIS,
3289 6286 18 24 3
3315 6283 67 32 Jan.;
3391 6286 81 32 Anna,
3483 6287 126 32 Körving,
3618 6281 146 30 Avontunr.
3952 6300 22 8 

3077 6312 322 35 BROUWERSHAVEN,
3409 6320 15 22 3
3433 6319 65 26 Jan..
3510 6320 32 26 '/..-.
3557 6320 85 24 Baron
3652 6315 87 26 Etvos,
3749 6305 148 35 Cephahch,
3913 6305 69 21 Kolt.

3047 6357 21 15 ii.
3080 6345 151 27 Newcastle.
3242 6359 13 5 -
3265 6346 143 28 Alexander
3419 6348 117 32 Newrky,
3548 6350 113 31 I'errigo,
3671 6341 118 32 Sunderl.
3800 6347 25 19 n.
3834 6339 123 25 MiddelD.

3078 6379 281 32 CAKOI.INERZIJL,
3369 6383 109 31 28Dec;
3488 6384 94 26 Gesina
3591 6379 197 32 Alida,Niezen,
3797 6371 74 27 Amst

3078 6410 201 32 CUXHAVEN,
3296 6415 15 22 2
3328 6412 66 34 Jan.;
3413 6415 107 33 Oceaan,
3539 6424 51 18 van
3607 6413 115 30 Slooten,
3736 6409 116 27 Rosano.
3862 6417 11 5 -
3882 6400 99 30 Redite,

3047 6445 78 30 Stuit,
3133 6444 185 26 Fernanïbuck.

3083 6476 162 30 DANTZIG,
3252 6481 30 22 31
3292 6477 70 31 Dcc;
3371 6480 97 31 Rhóne,
3478 6482 33 28 S.,
3521 6480 81 26 Amst.
3804 6503 7 9 ,
3852 6498 7 6 .

3078 6508 93 31 RIGA,
3180 6510 32 26 29
3222 6509 67 32 Dcc;
3299 6509 34 27 M.
3345 6510 24 27 J.
3380 6511 135 28 Enthoven
3526 6521 32 18 en
3568 6513 78 28 Zoon,
3656 6509 98 33 Stomp,
3765 6503 111 28 Lubeck.

3077 6541 129 31 TRIEST,
3215 6543 32 24 29
3255 6542 70 32 Dcc;
3333 6543 157 32 Entreprise,
3498 6543 110 31 Mulder,
3621 6539 161 31 New-York.

3366 5504 317 30 BINNENGEKOMEN.

3081 5542 645 38 __ELLEVOE-_LÜÏS,B-_n.,Z.W.;GI-^^

3053 5575 128 28 Seahorse.
3193 5576 32 33 8_
3234 5576 72 27 Huil.
3315 5591 9 5 -
3334 5577 70 26 John
3413 5572 89 28 Wells.
3513 5570 32 26 EL
3556 5564 87 31 Goole.
3654 5576 13 7 -
3678 5558 90 35 Helge,
3780 5557 32 33 S„
3821 5559 142 33 Kouingsb.

3081 5596 182 43 BRIELLÉ,3
3272 5609 66 26 Jan..
3348 5607 77 32 Z.W.;
3436 5600 131 33 Sheffield,
3576 5598 18 27 S
3619 5593 103 31 Grimsb
3725 5600 24 30 j.

3081 5622 830 50 BROUWERSHAVEN,3Jan.,Z.;Martons^Hennette,S.,
3918 5622 50 28 Lon-

3053 5668 45 27 den
3107 5680 25 17 n.
3142 5673 155 31 Dordrecht;
3306 5674 71 25 heeft
3386 5674 30 24 de
3426 5672 50 26 reis
3485 5665 157 34 voortgezet.
3729 5687 91 19 -.._,,
3880 5689 26 17 
3919 5687 30 19 Ul
3952 5694 19 8 ,„
3981 5698 2 5 .

3081 5701 402 37 DELFZIJI,3ODee.;Caspar,
3494 5687 490 56 Rehbock,^^™________£!

3053 5732 135 35 Bermarm,
3207 5737 162 35 Schipinanr.
3390 5732 182 32 Frederikstad
3589 5738 25 20 n.
3633 5720 351 39 Papenbmg,alsbijleggei,

3053 5772 97 26 wegens
3156 5769 109 34 ijsgang,

3084 5798 178 34 HAMBURG,
3276 5803 86 31 ï.Tan.;
3374 5800 146 30 Gennania,
3531 5798 32 28 S.,
3574 5792 73 30 Rott.

3081 5829 154 34 SHIELDS,
3246 5837 27 24 31
3289 5835 57 26 Dee.
3350 5846 6 17 ;
3359 5831 178 30 'Annechiena,
3547 5824 196 33 D_nbn,Pe_e
3752 5826 24 19 a.

3081 5861 19 26 A
3110 5862 198 34 NTWERPEN,
3321 5870 14 22 2
3345 5868 67 28 Jan.;
3422 5867 71 32 King
3501 5864 28 26 of
3536 5863 44 26 the
3589 5856 130 31 Behrians,
3729 5855 34 30 S.,
3772 5855 72 21 Rott.

3083 5893 146 35 BRUGGE,
3239 5901 26 22 31
3281 5898 6 24 1
3295 5898 52 32 >cc;
3358 5898 135 31 Bec__dus.
3506 5896 30 28 de
3546 5891 87 31 Graaf,
3638 5884 79 38 Riga.

3081 5924 221 35 PAUILLAC,29
3314 5933 66 28 Dee.;
3393 5933 138 24 lio.dcnux.
3543 5929 33 26 S..
3585 5924 73 27 Rott,

3086 5955 163 32 LIVORNO,
3259 5965 32 22 28
3301 5962 67 25 Dcc;
3379 5963 80 24 Jacob
3470 5972 30 15 en
3510 5961 76 26 Titia.
3598 5955 76 30 Prak,
3686 5953 86 26 Newc.

3265 6579 451 39 Rivierberichten.

3221 6628 40 26 IN
3276 6628 137 27 LADING
3432 6631 180 25 LIGGENDE
3630 6628 167 27 SCHEPEN.

3076 6665 38 22 De
3132 6665 200 32 Stoomschepen
3347 6665 162 26 Amsterdam
3526 6665 21 31 I,
3563 6665 35 30 11,
3615 6665 54 27 111,
3687 6665 38 22 IV
3742 6665 32 20 en
3791 6665 31 20 V,
3840 6665 25 15 n.
3883 6665 97 14 femme-

3046 6692 54 30 H_.
3118 6691 100 33 Wesel,
3237 6692 145 33 Duisburg,
3400 6694 142 35 ürdingen,
3559 6693 158 30 Dusseldorf,
3735 6686 107 32 Keulen,
3860 6686 120 31 Goblenz,

3046 6725 100 30 Maiuz,
3172 6725 154 32 Frankfort,
3353 6725 148 31 MannhUM
3526 6737 32 17 011
3582 6723 229 34 tu-clieiig«k«geii
3829 6720 125 34 plaatsen.
3972 6730 8 7 -

3046 6756 28 30 A.
3093 6757 80 31 Balk,
3193 6757 116 31 Sabicnu,
3324 6763 25 21 n,
3369 6756 105 32 Keulen.

4056 100 165 27 ARNHEM,
4239 102 15 22 3
4272 100 58 24 Jan.
4364 100 157 31 Rijnhoogte
4537 104 66 24 2.25
4619 102 35 26 M.
4672 109 57 25 gev.
4746 104 58 27 0,5^
4820 102 37 26 M.

4057 133 12 12 *
4087 130 191 31 NIJMEGEN,
4294 133 17 22 3
4328 129 58 26 Jan.
4413 129 38 27 De
4470 132 73 26 Waal
4564 133 21 26 is
4602 137 31 25 47
4651 135 40 26 cM
4717 133 119 34 gevallen
4846 133 41 27 tot
4898 137 64 25 9.25

4028 165 32 26 M.
4081 169 24 20 ■+■
4127 165 22 25 A
4176 163 27 27 P.
4233 162 35 28 De
4287 162 41 26 val
4345 162 71 31 blijft
4431 164 161 27 aanhouden.

4058 200 12 12 *
4089 195 194 31 DEVENTER,
4300 200 15 19 3
4332 194 59 25 Jan.
4417 195 39 25 De
4472 196 81 26 Ussel
4570 198 107 26 toekent
4693 202 65 24 4.20
4774 200 34 26 M.
4828 201 28 26 -f
4876 200 31 26 A.
4926 200 35 31 I\,

4028 237 30 18 en
4075 230 22 25 is
4113 229 84 27 steeds
4213 226 125 30 vallende.

4058 263 13 11 *
4088 259 268 31 ZALT-BOMMEÏr,
4381 262 17 21 3
4414 259 59 25 Jan.
4506 260 40 24 De
4561 261 76 25 Waal
4655 263 20 24 is
4693 270 135 26 nagenoeg
4843 265 41 26 tot
4900 265 61 26 hare

4028 292 112 28 normale
4165 294 96 31 hoogte
4285 291 196 34 teruggekeerd.
4507 291 38 26 De
4563 292 141 38 schipbrug
4721 304 60 19 over
4798 296 31 26 de
4846 296 73 27 Maas
4937 298 25 26 to

4028 325 83 25 Hedel
4126 325 22 25 is
4165 326 84 26 weder
4266 326 99 31 gelegd.

4148 374 313 39 Vertrokken
4492 374 343 39 Passagiers.

4061 429 70 20 Naar
4140 429 161 28 BATAVIA,
4312 433 45 25 per
4365 429 118 24 Utrecht,
4493 429 71 28 kapt.
4574 429 137 32 Overlacq:
4723 429 30 22 de
4763 429 92 27 heeren
4873 429 28 27 A.
4916 430 38 25 K'o-

4031 456 96 26 bitzsch
4137 457 52 24 met
4199 457 84 31 eelitg.
4293 468 31 15 en
4342 459 115 27 dochter,
4470 459 31 25 R.
4511 461 27 24 C.
4557 457 158 33 Bakhnijzen
4731 467 24 18 v.
4765 461 24 25 d.
4799 461 89 31 Brink,
4897 463 24 25 J.
4933 463 31 26 11.

4031 490 103 30 liisgen,
4147 488 38 25 VV.
4198 495 21 18 v.
4233 490 131 27 De.v.laai'.
4378 493 24 24 !,.
4414 491 64 26 CE.
4496 491 130 33 Kniphors
4630 491 18 30 t,
4661 491 26 26 0.
4698 491 31 26 G.
4737 500 50 17 van
4798 493 44 26 d.-r
4852 494 51 26 Bor
4913 496 52 24 met

4031 522 81 30 echtg.
4124 529 30 15 en
4165 520 69 26 kiml.
4245 519 26 27 E.
4281 519 25 28 S.
4318 530 47 18 van
4376 516 119 34 Noorden
4505 528 53 21 met
4576 524 92 30 zuster,
4677 526 30 24 A.
4717 522 28 30 P.
4756 524 30 26 A.
4796 524 28 27 A.
4841 526 26 26 F.
4879 526 45 27 Bn.
4933 528 32 25 de

4031 556 113 24 Bouman
4161 552 31 25 de
4208 552 138 32 Rijckholt,
4364 555 25 25 J.
4407 556 180 33 Diepenhorst,
4605 557 22 24 J.
4639 565 48 18 van
4704 557 46 28 Ek,
4769 557 27 26 O.
4815 557 87 26 .leek.l
4913 561 53 22 met

4031 587 83 32 echtg.
4124 593 31 18 en
4163 583 71 27 kind.
4243 583 25 26 J.
4280 585 27 26 C.
4325 585 96 28 Lebert
4440 588 53 27 met
4511 589 86 31 echtg.
4613 596 32 19 en
4662 591 66 25 twee
4747 591 76 26 kind..
4833 591 35 26 M.
4878 591 28 27 C.
4916 599 50 19 van

4031 619 97 26 Daalen
4140 617 113 27 Wetters
4261 617 53 26 met
4324 618 84 32 echtg.
4417 624 17 21 2
4443 621 123 25 kinderen
4576 630 31 18 en
4617 622 89 30 baboe,
4715 624 28 24 O.
4754 621 35 28 M.
4800 624 30 25 de
4840 624 125 26 Munnick

4031 652 51 26 met
4094 650 96 32 echtg.,
4196 650 33 25 H.
4239 648 47 26 Th.
4304 647 28 28 E.
4350 650 90 26 Handt
4456 660 32 19 en
4498 654 76 30 echt.,
4591 653 32 27 N.
4639 654 111 26 Altheer
4757 663 32 18 <-n
4799 656 94 31 echtg.,
4903 656 28 26 E.
4939 656 26 27 J.

4031 685 144 26 Valkenaer
4191 689 32 19 en
4241 681 93 31 echtg.,
4352 681 39 26 W.
4410 683 131 28 d'Aucoua
4560 689 53 24 met
4631 686 157 32 echte.,drie
4802 687 163 27 kinderenen

4031 719 91 27 zuster,
4130 716 40 25 W.
4182 715 30 26 R,
4221 713 30 27 de
4263 712 90 31 Greve,
4363 712 39 26 VV.
4413 715 25 25 8.
4447 716 93 38 Tromp
4548 718 47 31 Jr.,
4605 718 25 26 J.
4648 719 32 25 H.
4690 720 30 24 A.
4737 719 133 32 Albrecht,
4880 720 86 30 Th.C.

4031 750 109 37 Ebeling
4156 748 53 26 met
4227 746 85 37 echtg.
4330 754 31 17 en
4369 746 17 24 2
4394 745 78 30 kind.,
4489 748 96 34 Zeijdel
4602 751 53 26 met
4671 752 77 28 echt.,
4756 755 15 24 2
4781 752 78 28 kind.,
4869 761 31 18 eu
4909 754 59 30 Jay,

4031 784 63 26 bed.,
4106 782 38 26 VV.
4155 782 83 25 Cotes.
4248 787 58 19 mci.
4318 778 64 24 Mac.
4393 777 113 32 Lcnnan,
4515 788 78 20 mevr.
4609 784 31 25 de
4650 783 61 27 wed.
4722 784 30 25 A.
4763 784 30 25 de
4804 781 92 37 Visser,
4907 787 59 32 geb.

4031 816 64 26 Mac.
4104 815 110 31 Gillairy
4222 813 52 26 met
4284 808 89 31 baboe.

4122 863 345 38 Prijskoerant
4495 863 86 38 der
4610 863 257 38 Effekten.

4605 927 111 31 Laagste
4728 930 116 32 Hoogste
4872 930 74 26 Gebl.

4119 959 182 27 DINGSDAG
4319 963 14 22 4
4351 956 163 30 JANUARI.
4596 960 2 30 j
4619 957 81 28 koers,
4744 963 83 26 koers,
4870 963 83 26 koers.

4030 1003 123 27 Nederl.
4170 1003 71 25 Cert.
4254 1003 60 26 Nat.
4328 1004 40 26 W.
4380 1003 38 28 S..
4443 1022 7 9 .
4469 1000 116 38 2%pCt.
4619 1004 48 24 53»
4668 1018 4 20 (
4672 1003 25 31 'hj
4744 1007 70 22 53ii'
4815 1017 20 20 18
4870 1007 91 26 5311'
4961 1000 1 38 m

4062 1036 64 25 Dito
4142 1033 63 27 Dito
4221 1035 64 26 Dito
4472 1039 18 22 3
4554 1045 13 15 *
4619 1036 65 30 63%
4746 1039 63 28 631/2

4062 1068 63 25 Dito
4143 1067 61 26 Dito
4222 1067 64 26 Dito
4472 1071 17 22 4
4554 1080 13 13 *
4619 1068 66 32 84%
4744 1070 64 32 84%

4063 1100 123 26 Schuldb.
4204 1098 99 26 Amort.
4313 1100 142 32 Syndicaat
4470 1101 47 32 31/2
4554 1111 13 14 »

4063 1133 86 32 Oblig.
4168 1131 72 26 Gem.
4256 1130 165 26 Amsterdam
4443 1152 7 6 .
4469 1135 18 22 5
4554 1144 13 13 »

4062 1165 63 26 Dito
4143 1165 65 26 Dito
4469 1166 18 24 4
4554 1178 13 13 »

4063 1198 61 26 Dito
4142 1196 64 27 Dito
4469 1196 47 32 31/2
4554 1209 12 12 11
4619 1202 33 22 80

4062 1230 63 26 Dito
4150 1230 63 26 Dito
4230 1226 191 27 Kanaal-Leen.
4443 1246 6 6 .
4470 1230 17 24 3
4554 1240 13 13 *

4063 1263 86 33 Oblig.
4167 1263 74 26 Gem.
4257 1258 162 27 Rotterdam.
4441 1263 45 22 .3
4554 1272 12 12 »
4580 1277 4 5 ■
4619 1266 32 26 87
4743 1263 67 31 87%

4028 1294 111 27 België.
4159 1294 70 26 Cert.
4245 1292 74 27 Adm.
4337 1290 83 26 Bank.
4442 1309 7 7 .
4469 1291 47 31 21/2
4554 1303 13 13 »

4059 1328 65 26 Dito
4140 1328 35 35 bij
4195 1325 77 28 Gebr.
4290 1320 163 30 Rothschild.
4469 1324 47 30 21/2
4554 1333 12 14 »
4619 1336 7 5 •

4029 1361 110 26 Spanje.
4157 1359 86 33 Oblig.
4261 1361 17 24 3
4294 1356 59 34 pCt.
4376 1374 72 9 ...
4469 1357 17 22 3
4553 1367 13 12 //
4618 1361 33 22 26
4656 1361 40 28 s,'].
4743 1361 78 32 26%,
4845 1364 54 24 '26
4904 1361 41 32 Vu

4059 1393 64 26 Dito
4140 1391 115 27 Buitenl.
4276 1393 76 25 1841.
4376 1407 71 9 ...
4469 1390 17 22 3
4553 1397 12 13 »
4619 1393 46 21 26)
4680 1416 27 4 ._
4845 1397 4 24 I

4059 1426 65 26 Dito
4141 1426 74 26 Dito.
4246 1444 5 6 .
4276 1426 73 26 1867.
4375 1439 74 11 ...
4469 1422 17 22 3
4553 1428 13 14 *
4618 1422 65 30 26%
4743 1423 70 32 2613/
4815 1436 20 19 16
4867 1430 14 21 2
4884 1426 48 30 &%

4061 1457 63 26 Dito
4140 1457 76 26 Dito.
4245 1478 7 6 .
4276 1457 73 26 1869.
4375 1473 72 8 ...
4468 1455 17 22 3
4553 1460 12 15 »
4619 1452 90 34 24»/_
4743 1455 65 30 25%
4866 1462 33 22 25

4059 1491 63 25 Dito
4140 1489 119 26 Binnenl.
4278 1496 15 18 a
4305 1488 25 30 ƒ
4338 1489 77 25 6250.
4441 1506 6 6 .
4469 1488 15 22 3
4553 1494 12 13 »
4619 1487 89 30 2115,16
4743 1485 65 32 22%
4866 1499 79 25 __«,_

4059 1522 64 26 Dito
4140 1522 63 26 Dito
4221 1522 91 30 ƒ1250
4320 1528 32 18 en
4362 1520 91 31 ƒ2500
4469 1521 15 24 3
4619 1517 65 33 22%
4743 1520 66 32 22%

4028 1554 155 25 Poktdgal.
4202 1554 86 31 Oblig.
4310 1556 74 24 1853.
4409 1571 39 7 ..
4469 1554 17 24 3
4553 1558 13 14 >
4618 1550 64 32 »%
4742 1554 64 27 33%

4058 1585 65 25 Dito
4143 1585 137 32 1856/1863
4469 1586 17 24 3
4619 1584 79 28 33%»
4723 1598 1 11 ,
4743 1585 65 30 331/.

4059 1617 64 25 Dito
4143 1619 61 25 1867
4469 1619 17 22 3
4554 1624 11 13 «
4619 1613 65 31 3215/
4684 1613 26 31 is
4744 1617 65 31 338/,
4811 1628 12 19 6

4059 1648 65 26 Dito
4146 1651 61 22 1869
4469 1652 18 22 3
4554 1656 13 14 11
4619 1650 33 24 32
4658 1646 53 32 «/is
4744 1649 33 25 33
4782 1649 40 31 %«

4028 1680 81 27 Rusl.
4130 1680 58 27 Obl.
4206 1680 73 33 Hope
4300 1681 149 32 1798/1816.
4472 1683 15 22 5
4554 1689 13 13 »
4619 1680 65 32 921/2
4746 1681 32 24 93

4061 1713 70 26 Cert.
4140 1713 76 26 Adm.
4226 1713 26 25 te
4261 1713 93 25 Hamb.
4368 1714 63 24 1820
4443 1715 45 24 .6
4554 1721 13 13 «
4619 1714 33 25 68
4746 1711 65 33 68%

4061 1744 216 33 Oblig.-Leening
4297 1746 61 25 1822
4378 1763 70 7 ...
4470 1746 17 24 5
4554 1753 13 13 »

4061 1776 70 27 Cert.
4149 1776 34 37 bij
4194 1776 73 34 Hope
4277 1776 22 27 &
4307 1776 40 27 C°.
4359 1778 59 25 1831
4443 1795 7 8 .
4472 1778 17 25 5
4554 1785 13 14 *

4061 1811 64 26 Dito
4142 1811 61 26 Dito
4225 1813 63 24 1833
4470 1811 17 24 5
4554 1817 13 14 #

4061 1843 100 27 Inschr.
4178 1843 47 26 sde
4243 1843 71 27 Serie
4332 1844 64 25 1854
4411 1863 6 6 .
4443 1861 7 6 .
4472 1843 18 25 5
4556 1850 12 13 »
4619 1840 66 32 617/
4824 1840 138 32 g

4061 1876 64 26 Dito
4142 1876 47 26 6de
4207 1876 71 26 Serie
4298 1878 63 24 1855
4378 1894 73 7 ...
4472 1877 18 24 5
4556 1881 12 17 0
4619 1876 64 32 751/2
4722 1884 4 18 1
4744 1873 65 34 75%

4062 1907 216 33 Oblig.-Leening
4298 1910 60 24 1862
4378 1928 72 6 ...
4472 1910 17 24 5
4554 1916 13 14 *

4061 1938 64 24 Dito
4144 1941 61 22 1864
4222 1946 17 17 a
4256 1941 26 26 ƒ
4293 1942 63 22 1000
4377 1958 73 7 ...
4470 1942 17 22 5
4554 1949 12 12 «
4619 1941 65 32 89%
4744 1941 66 32 893/.

4061 1968 64 25 Dito
4144 1971 61 21 1864
4224 1976 17 17 a
4256 1970 22 24 £
4309 1972 45 21 100
4376 1988 72 7 ...
4469 1972 15 21 5
4553 1980 11 12 «

4062 2000 63 26 Dito
4144 2002 63 24 1866
4225 2007 15 19 a
4257 2000 26 30 ƒ
4293 2003 63 22 1000
4377 2020 73 7 ...
4470 2002 17 24 5
4554 2011 13 12 »
4619 2003 65 31 88%
4800 2031 9 1 _

4063 2031 63 26 Dito
4146 2034 61 22 1866
4225 2039 17 18 a
4257 2031 24 25 £
4307 2034 46 22 100
4376 2050 73 7 ...
4470 2034 17 22 5
4556 2041 12 12 «

4062 2065 63 26 Dito
4146 2066 61 25 1850
4226 2063 52 27 Iste
4296 2063 123 33 Leening.
4443 2083 7 6 .
4472 2062 47 33 41/2
4556 2074 12 13 »

4062 2098 64 26 Dito
4146 2100 63 24 1860
4224 2096 48 27 2de
4351 2105 12 15 »
4415 2115 35 8 ..
4472 2096 48 31 4%
4619 2099 66 31 82%

4063 2131 69 27 Cert.
4149 2130 33 34 bij
4194 2130 72 34 Hope
4276 2130 22 26 &
4307 2130 39 26 C°.
4361 2131 61 25 1840
4443 2148 7 7 .
4472 2131 17 25 4
4554 2139 13 13 *
4619 2132 56 31 635/
4819 2130 143 34 M

4062 2164 99 27 Inschr.
4172 2167 39 27 2e,
4221 2167 38 27 3e,
4269 2166 30 24 4e
4306 2163 117 33 Leening
4444 2183 6 7 .
4473 2165 17 24 4
4556 2170 12 17 »

4062 2198 64 26 Dito
4143 2202 30 22 5e
4188 2198 115 32 Leening
4315 2199 73 25 1845.
4413 2217 7 6 .
4446 2216 6 7 .
4474 2198 15 24 4
4556 2203 13 17 »

4062 2230 214 34 Oblig.-Leening
4296 2232 61 25 1867
4380 2249 71 8 ...
4473 2232 17 24 4
4556 2237 12 15 »
4620 2228 65 33 64%
4747 2228 65 33 64%

4062 2263 63 27 Dito
4135 2263 113 33 Leening
4261 2265 60 24 1869
4345 2282 105 7 ....
4472 2267 17 21 4
4556 2270 12 15 »
4620 2263 65 31 631/4
4747 2262 64 32 631/2

4062 2296 64 25 Dito
4149 2298 61 22 1859
4472 2298 18 21 3
4554 2303 13 13 /'

4062 2328 99 26 Inschr.
4173 2327 27 26 in
4208 2327 210 33 Bank-Assign..
4443 2347 7 7 .
4472 2329 17 22 6
4554 2336 13 13 »

4064 2360 167 26 Certificaten
4241 2368 51 17 van
4300 2360 64 24 Dito
4378 2380 6 6 .
4409 2379 7 6 .
4442 2379 7 7 .
4469 2362 17 21 6
4554 2369 13 11 «
4619 2357 65 32 41%
4748 2357 65 32 41%

4062 2392 83 26 Aand.
4161 2394 60 22 1864
4233 2394 15 22 5
4260 2391 58 33 pCt.
4330 2391 43 26 Rs.
4385 2394 45 22 100
4443 2411 7 7 .
4541 2389 26 31 ƒ
4604 2393 48 24 232

4062 2425 63 25 Dito
4150 2426 60 24 1866
4554 2432 12 13 //
4603 2421 48 31 225
4651 2421 33 31 Vi
4730 2424 50 25 226

4030 2458 100 25 Polen.
4149 2456 209 32 Schatk.-Oblig.
4375 2458 74 22 1844.
4469 2458 17 22 4
4524 2456 59 32 pCt.
4620 2456 64 30 63%
4747 2454 65 30 63%

4062 2489 83 26 Aand.
4165 2490 70 26 1835,
4243 2487 25 25 fl.
4278 2489 48 24 500
4346 2505 105 8 ....
4541 2486 26 28 ƒ
4606 2487 78 33 171%
4734 2486 78 32 171%

4030 2522 131 27 Pruisen.
4180 2519 149 34 Obligatien
4345 2539 105 7 ....
4470 2520 18 24 5
4524 2518 59 32 pCt.

4062 2554 81 26 Aand.
4156 2554 46 32 31/2
4214 2554 58 32 pUt.
4285 2561 15 17 a
4310 2552 47 25 Th.
4369 2554 54 24 100.
4444 2571 7 7 .
4543 2549 26 31 ƒ
4603 2550 81 31 206%

4031 2587 132 28 Oostenr.
4182 2584 58 28 Obl.
4254 2593 60 27 pap.
4324 2584 130 34 Mei/Nor.
4470 2587 18 24 5
4525 2582 59 37 pCt.
4619 2584 66 28 47"'s
4748 2585 32 25 48

4063 2620 61 25 Dito
4142 2619 63 26 Dito
4218 2619 168 33 Febr./Aug..
4411 2637 39 7 ..
4472 2620 17 24 5
4554 2627 13 12 «
4619 2619 33 25 47
4658 2617 40 31 %«
4747 2617 64 31 47%
4874 2616 64 32 47%

4062 2652 63 26 Dito
4143 2652 78 26 zilver
4239 2652 69 32 Jan./
4311 2652 72 26 Juli.
4410 2669 6 8 .
4443 2670 7 7 .
4470 2652 17 24 5
4554 2659 13 13 »
4619 2650 56 31 565/
4677 2661 20 19 16
4747 2650 64 31 56%

4063 2683 63 27 Dito
4143 2683 61 27 Dito
4221 2683 164 33 April/Oct..
4411 2702 39 8 ..
4470 2685 17 24 5
4554 2691 13 14 #
4619 2683 70 31 5515/
4702 2683 28 31 M
4747 2683 33 24 56

4063 2717 81 26 Aand.
4163 2725 17 18 a
4195 2717 26 26 fl.
4238 2720 56 26 250,
4315 2719 73 24 1839.
4410 2734 7 8 .
4442 2733 8 9 .
4541 2713 26 30 ƒ
4605 2717 47 22 530

4063 2750 22 25 D
4088 2750 18 25 ü.
4124 2748 41 26 D°.
4183 2751 15 24 4
4215 2750 59 32 pCt.
4291 2748 26 26 fl.
4332 2751 50 24 250
4394 2750 61 24 1854
4554 2756 12 13 »
4603 2747 50 24 220
4730 2747 46 24 221

4063 2781 43 26 D°.
4124 2781 43 26 D°.
4183 2784 17 24 5
4217 2781 58 32 pCt.
4303 2792 12 12 h
4332 2784 50 24 500
4394 2783 63 24 1860
4553 2789 13 13 »
4605 2780 47 22 482

4063 2813 44 25 D°.
4124 2813 34 25 D°
4303 2823 12 12 11
4337 2815 117 25 1001864
4553 2820 12 13 *
4606 2813 46 22 114

4032 2844 99 26 Italië.
4152 2845 174 32 Inschrijving
4345 2864 105 8 ....
4472 2846 17 22 5
4525 2843 59 33 pCt.
4620 2846 32 22 52

4065 2876 67 25 Cert.
4150 2877 84 24 Amst.
4251 2877 67 24 Adm
4470 2878 17 21 5
4554 2885 13 13 »
4619 2874 66 32 52%
4747 2874 63 32 52%

4033 2906 211 26 Griekenland.
4264 2908 85 32 Oblig.
4370 2910 61 22 1825
4443 2927 7 5 .
4472 2910 17 21 5
4554 2917 12 12 *

4032 2937 131 27 Turkije.
4181 2939 58 26 Obl.
4256 2939 60 32 Alg.
4326 2939 97 26 Schuld
4443 2957 7 7 .
4472 2940 17 24 5
4554 2948 13 12 »
4619 2937 66 32 43%
4748 2939 65 32 441/4
4874 2939 64 32 44%

4065 2970 63 22 Dito
4149 2970 136 26 1863/1865
4543 2970 26 27 ƒ

4064 2999 102 35 Egypte
4182 2999 86 31 Oblig.
4289 3002 70 24 1868.
4380 3019 72 7 ...
4472 3001 17 26 7
4525 2998 60 34 pCt.
4619 2998 79 32 77%.
4746 2999 66 32 77%
4873 3001 79 33 77%»

4033 3032 187 27 N.-Amerika.
4235 3031 149 27 V.St.losb.
4395 3034 63 24 1874
4474 3034 15 21 5
4556 3041 12 14 #
4622 3032 65 31 90%
4731 3033 65 31 90%

4065 3064 63 27 Dito
4144 3064 64 27 Dito
4235 3084 70 8 ...
4345 3076 13 13 *
4394 3066 63 22 1904
4473 3065 17 24 5
4556 3073 13 13 11
4622 3065 33 25 88

4065 3099 63 27 Dito
4143 3098 65 28 Dito
4233 3118 7 8 .
4266 3109 91 19 ...»
4394 3100 58 24 1881
4472 3098 17 24 6
4556 3107 12 13 »
4620 3097 65 31 93%
4748 3098 87 33 931%.

4065 3133 63 27 Dito
4143 3133 64 26 Dito
4234 3142 123 19 ...»
4394 3133 63 25 1832
4472 3132 17 24 6
4556 3141 12 13 »
4622 3133 90 31 911%.
4748 3136 32 22 92
4874 3132 87 32 911%»

4065 3167 61 26 Dito
4143 3167 64 26 Dito
4233 3176 123 18 ...»
4393 3167 63 26 1884
4472 3167 15 22 6
4554 3175 13 14 ,1

4064 3200 63 26 Dito
4143 3201 64 25 Dito
4233 3210 123 17 ...»
4393 3202 63 24 1885
4472 3201 17 22 6
4554 3209 13 13 //
4620 3197 65 33 90/*
4747 3200 30 25 91
4785 3196 40 33 V-
4873 3197 30 25 91

4065 3231 63 26 Dito
4144 3233 85 25 Louis,
4246 3231 34 33 bij
4298 3231 73 33 Hope
4384 3233 20 25 &
4416 3231 39 26 o°.
4473 3233 17 21 5
4554 3240 13 13 »

4032 3263 139 26 Brazilië.
4194 3265 58 25 Obl.
4270 3257 181 33 ÏS(i.-.....
4473 3265 17 22 5
4556 3270 12 13 »
4620 3263 32 24 86

4065 3296 61 21 ]>ito
4143 3312 105 7 ....
4272 3298 60 21 1852
4348 3312 103 7 ....
4473 3294 46 27 41/
4534 3294 7 27 o
4554 3304 13 12 k

4065 3324 63 26 Dito
4143 3343 105 7 ....
4272 3326 61 22 1858
4345 3343 105 7 ....
4473 3324 47 30 4%
4557 3334 11 11 ''

4065 3356 61 25 Dito
4143 3373 105 8 ....
4272 3357 60 22 1860
4345 3373 105 7 ....
4472 3356 46 27 41/2
4556 3365 12 11 «
4619 3356 65 30 731/3

4064 3386 61 25 Dito
4142 3404 104 8 ....
4271 3389 61 22 1863
4345 3404 105 8 ....
4470 3385 46 31 4%
4554 3394 12 13 «

4032 3418 117 28 Mexico.
4167 3416 151 35 Obligatien
4338 3419 58 22 1851
4413 3436 40 8 ..
4473 3420 17 22 3
4556 3428 12 13 «
4623 3416 63 33 13%

4065 3452 61 26 Dito
4150 3455 59 24 1864
4472 3454 17 22 3
4554 3461 13 13 11

4063 3485 81 27 Aand.
4156 3487 15 26 6
4182 3484 57 37 pCt.
4253 3487 60 25 1865
4324 3483 41 27 Fr.
4375 3487 48 24 500
4443 3503 7 8 .
4543 3482 25 32 ƒ

4032 3520 144 27 Grenada.
4205 3519 151 33 Obligatien
4378 3535 72 9 ...
4472 3521 18 24 3
4526 3517 58 34 pCt.

4067 3554 6 24 1
4081 3554 45 24 >ito
4149 3554 129 30 (iesteiiip.
4300 3552 154 32 Werkelijke
4623 3552 30 22 18

4063 3586 63 26 Dito
4146 3585 63 26 Dito
4228 3583 159 33 Uitgestelde
4410 3605 6 7 .
4443 3604 7 8 .
4636 3582 63 33 79/16

4032 3619 170 26 Venezuela.
4221 3617 86 34 Oblig.
4329 3621 61 22 1862
4411 3637 6 7 .
4443 3619 44 25 .6
4525 3617 58 33 pCt.

4063 3652 63 24 Dito
4143 3651 39 25 uit
4200 3651 30 25 de
4248 3650 137 26 Coiiversie
4410 3667 6 6 .
4443 3667 6 5 .
4470 3651 17 19 6
4554 3657 13 12 »

4063 3683 61 27 Dito
4469 3681 18 21 »
4635 3680 47 28 9-

4062 3717 64 25 Dito
4472 3707 44 34 Ï'A

4030 3748 139 27 Ecuador.
4189 3744 150 34 Obligatien
4359 3744 63 22 1855
4442 3761 7 6 .
4474 3743 8 24 1
4554 3751 12 12 »

4030 3830 64 26 Ned.
4104 3826 252 31 Hamlel-Maatsch.,
4365 3823 83 26 Aand.
4466 3826 46 32 41/2
4548 3835 13 12 »
4599 3823 76 31 112%

4062 3863 61 26 Dito
4140 3863 63 26 Dito
4221 3857 157 28 Rescontre.
4403 3876 6 6 .
4435 3878 7 6 .
4597 3855 78 34 112%
4727 3853 77 35 1131/8
4858 3854 77 32 1131/
4949 3853 13 37 s

4031 3896 61 25 N.-d.
4114 3891 200 38 -hijnspw.-M.,
4332 3889 83 25 Aand.
4437 3911 6 6 .
4594 3889 20 34 J
4615 3889 60 34 79%
4724 3889 50 26 280

4029 3928 64 26 Ned.
4104 3922 227 35 Centr.-Spw.-M.,
4341 3921 83 26 Aand.
4437 3941 6 8 .

4061 3961 63 25 Dito
4140 3960 63 26 Dito
4220 3956 86 33 Oblig.
4326 3957 14 24 3
4358 3954 59 31 pOt.
4439 3974 7 8 .
4535 3956 26 33 ƒ

4062 3994 61 24 Dito
4143 3993 60 25 Dito
4224 3986 158 40 gestempeld
4404 4007 6 6 .
4437 4007 6 7 .
4548 4002 12 12 »
4611 3987 63 33 66%

4029 4026 48 25 Am
4091 4026 20 26 t.
4130 4026 65 24 Kan.
4212 4020 126 27 Maatsch.
4357 4019 86 27 Aand.

4061 4059 64 25 Dito
4142 4057 61 27 Dito
4222 4054 85 33 Oblig.
4330 4054 60 26 1868
4403 4072 5 5 .
4436 4074 6 6 .
4465 4057 15 22 4
4547 4067 13 12 »
4610 4055 65 28 837.

4029 4091 45 27 Gr.
4083 4091 73 24 Russ.
4166 4087 158 34 Spw.'Aand.
4335 4085 110 33 ,spCt..
4537 4088 25 30 ƒ
4593 4087 80 32 2151/2
4724 4087 48 25 216
4854 4081 81 27 215%

4061 4122 63 26 Dito
4137 4122 59 25 Dito
4208 4116 112 38 Hypoth.
4335 4113 105 35 Oblig..
4462 4119 112 35 4%pCt.

4059 4156 63 26 Dito
4140 4155 63 26 Dito
4219 4157 15 21 4
4252 4152 51 32 pCt
4535 4153 26 31 /
4596 4154 47 24 162

4028 4188 74 24 Russ.
4119 4188 67 28 Spw.
4204 4185 71 26 Jelez
4292 4185 15 21 5
4323 4181 58 31 pCt.
4403 4201 6 6 .
4435 4202 6 6 .
4547 4195 12 11 „
4592 4182 79 31 202%
4722 4180 80 32 203%

4059 4220 64 26 Dito
4137 4217 64 28 Roti
4217 4214 71 28 Tiflis
4305 4220 14 19 a
4335 4213 24 30 ƒ
4371 4215 72 27 1000.
4465 4219 17 24 5
4518 4217 59 34 pCt.
4610 4217 48 25 827.
4664 4243 9 1 _
4740 4217 33 22 83

4059 4253 64 24 Dito
4141 4250 85 26 Kursk
4244 4246 96 26 Chark.
4350 4246 25 30 ƒ
4388 4250 60 22 1000
4463 4253 15 21 5
4546 4260 12 11 »
4609 4250 30 21 81

4059 4284 63 25 Dito
4140 4281 94 26 ('hark.
4252 4279 77 24 Azow
4339 4297 6 7 .
4368 4278 22 26 £
4403 4281 44 24 100
4463 4284 15 22 5
4546 4291 12 13 *
4607 4280 34 26 78
4649 4277 50 30 Uj_
4739 4276 53 32 787/
4792 4287 12 18 8

4059 4317 63 25 Dito
4139 4312 109 28 Moskou
4260 4309 77 28 Smol.
4350 4310 25 30 ƒ
4387 4315 61 24 1000
4463 4316 17 24 5
4547 4324 12 13 »
4610 4310 63 31 80%

4058 4349 63 25 Dito
4136 4342 307 34 Warschau-Bromberg.
4606 4345 66 27 51%
4737 4341 32 22 52

4026 4381 72 26 Oost.
4117 4380 60 26 Nat.
4195 4376 86 30 Biink,
4300 4374 80 26 Aand.
4403 4395 6 7 .
4436 4397 5 5 .
4462 4380 15 24 3
4546 4388 11 12 »
4591 4374 80 32 707%
4722 4374 48 26 708

4028 4414 72 26 Oost,
4119 4411 64 27 Bod.
4200 4409 74 27 Cred.
4292 4406 60 28 Pbr.
4365 4410 14 21 5
4391 4407 56 34 pCt.
4535 4410 26 30 ƒ
4593 4410 50 25 208

4028 4446 43 26 Fr.
4089 4444 72 27 Oost.
4179 4443 76 33 Spw.,
4267 4439 85 32 Oblig.
4364 4443 14 21 3
4391 4439 57 33 pCt.
4548 4453 12 12 «
4598 4443 46 24 135

4026 4478 138 26 Zuid-Ital.
4176 4476 76 33 Spw.,
4264 4472 86 32 Oblig.
4362 4474 15 24 3
4385 4473 58 31 pCt.
4546 4485 12 13 »
4607 4470 64 34 77%
4737 4469 33 27 78

4026 4511 70 25 Illin.
4106 4511 141 28 Cent,-Sp..
4254 4505 70 26 Cert.
4330 4512 24 18 v.
4364 4504 80 26 Aand.
4546 4518 12 12 »
4596 4509 46 21 110
4727 4501 77 26 110%

4058 4543 63 25 Dito
4137 4540 64 26 Dito
4218 4538 102 26 Constr.
4331 4535 85 31 Oblig.
4431 4556 6 7 .
4460 4539 15 25 7
4513 4538 59 33 pCt.
4606 4537 63 38 91%

4059 4576 61 25 Dito
4137 4573 64 26 Dito
4213 4569 133 33 Redempt.
4358 4567 86 40 Oblig.
4462 4572 15 22 6
4545 4581 12 13 »
4606 4570 65 32 77%
4737 4566 64 31 77%

4026 4606 71 27 Chic.
4111 4605 69 28 Rock
4195 4603 41 28 Isl.
4250 4603 70 25 Gert,
4330 4607 22 18 v.
4363 4598 80 28 Aand.
4607 4605 33 22 &>

4026 4639 64 30 Chic
4107 4631 337 34 N.W.Cert.v.Pr.Aand.
4607 4633 90 30 67'«'/it,
4737 4631 65 28 68%
4869 4630 26 25 6,
4910 4629 48 30 i.is

4026 4672 81 26 Pitsb.
4120 4670 76 27 RW.
4207 4669 67 26 Cert.
4289 4675 24 18 v.
4322 4664 87 28 Aand.
4435 4687 7 7 .
4606 4667 65 33 72%
4737 4662 65 32 72%

4026 4703 187 33 Brie-Spoorw.
4232 4698 73 33 Orig.
4320 4696 86 27 Aand.
4434 4716 7 9 .
4612 4698 59 33 19%
4743 4695 72 31 19«/
4889 4695 73 41 m

4026 4739 38 25 St.
4077 4736 60 26 Paul
4149 4735 20 27 &
4185 4733 57 27 Pao.
4254 4731 41 33 Sp.
4312 4731 26 26 le
4351 4730 25 25 S.
4385 4728 58 30 Obl.
4461 4733 15 26 7
4545 4743 12 13 »

4058 4769 61 25 Dito
4139 4768 63 24 Dito
4217 4765 48 26 2de
4284 4762 97 25 Sectie.
4402 4783 8 7 .
4436 4782 7 8 .
4463 4766 15 25 7
4547 4776 12 11 »
4609 4763 63 31 66%

4058 4800 61 26 Dito
4137 4799 64 26 Dito
4219 4798 99 26 Gecons
4462 4798 14 26 7
4545 4807 12 13 »
4607 4794 66 34 65%,

4056 4833 63 27 Dito
4137 4831 63 27 Dito
4221 4831 59 25 1869
4463 4832 14 24 7
4545 4840 12 13 »
4607 4827 64 32 67%
4737 4825 44 26 677
4791 4834 12 18 g

4058 4867 83 24 Aoits
4157 4870 53 21 VM
4228 4865 43 22 het
4290 4860 80 25 Geld:
4388 4861 102 24 Beleen.
4508 4863 46 31 4%
4565 4870 6 22 J
4590 4860 123 27 Prolong.
4730 4857 56 28 4%,
4805 4857 15 21 5
4838 4857 58 27 p_t.

4075 4907 83 17 _-_!«-
4175 4893 152 32 opgemaakt
4345 4894 64 24 door
4426 4894 43 25 het
4486 4893 113 26 Bestuur
4617 4892 47 25 der
4681 4886 252 33 Effekten-SocieteU,

4361 4924 31 26 P.
4408 4924 28 26 F.
4454 4924 144 30 UZURET,
4615 4923 66 25 Pres
4691 4920 110 26 -Comm.

4057 5010 70 27 Holl.
4152 5008 109 28 fondsen
4283 5006 116 34 openden
4415 5006 85 26 weder
4515 5006 119 31 flauwer,
4661 5003 66 28 doch
4744 5003 94 27 sluiten
4857 5002 38 26 als
4912 5001 38 33 gis-

4025 5044 80 25 teren.

4058 5076 57 24 Van
4131 5073 109 26 buitenl.
4260 5070 106 30 effecten
4391 5079 86 19 waren
4495 5070 138 34 spaansche
4652 5080 31 18 en
4700 5070 103 33 portug.
4820 5070 64 22 door
4904 5070 44 20 biu-

4025 5106 171 28 nenlandsche
4228 5105 157 35 kooporders
4416 5113 58 19 zeer
4499 5105 107 34 gunstig
4630 5104 123 34 gestemd.
4787 5100 119 27 Oostenr.
4931 5105 31 19 en

4025 5150 61 17 russ.
4113 5143 73 28 vast,
4212 5139 65 27 doch
4303 5140 96 26 zonder
4421 5139 116 28 nierbare
4563 5137 177 32 verandering.
4775 5134 93 41 Lg.ypt.
4887 5139 74 18 rezen

4025 5181 31 25 op
4075 5174 86 25 betere
4179 5172 135 35 engelsche
4332 5173 106 26 koersen
4459 5173 27 30 %
4506 5180 31 19 en
4554 5172 103 25 Turken
4674 5169 67 26 ruim
4761 5170 8 22 1
4791 5167 58 32 pCt.

4058 5205 171 27 Amerikanen
4245 5207 48 30 zijn
4304 5205 63 30 door
4376 5206 155 32 kooporders
4541 5211 60 18 voor
4611 5202 107 26 buitenl.
4730 5198 124 32 rekening
4863 5198 31 30 %
4903 5198 58 28 pCt.

4025 5238 129 32 gestegen.
4181 5239 56 24 Van
4263 5237 253 32 spoorwegwaarden
4541 5243 84 18 waren
4652 5233 100 26 Illinois
4782 5232 44 28 1%
4851 5235 32 19 en
4902 5230 60 22 Ene

4026 5268 28 32 %
4074 5270 57 30 pCt.
4153 5269 111 32 hooger;
4291 5270 87 22 voorts
4404 5274 84 18 waren
4514 5267 122 24 Centraal
4657 5272 31 18 en
4706 5262 85 27 Union
4808 5261 94 25 Pacific
4919 5261 43 21 tot

4025 5300 72 25 vaste
4115 5300 94 32 prijzen
4228 5307 56 18 zeer
4300 5298 117 32 gezocht,
4435 5304 31 15 en
4482 5300 15 22 7
4515 5297 58 31 pCt.
4591 5297 94 24 Pacific
4704 5303 32 22 op
4753 5293 83 25 nieuw
4854 5291 32 31 1/4
4902 5291 59 32 pCt.

4026 5329 104 33 hooger.

4057 5356 54 30 NB.
4130 5361 119 25 Gisteren
4269 5360 51 31 zijn
4336 5357 113 26 Amerik.
4469 5361 61 22 1882
4548 5357 48 25 ook
4613 5357 43 25 tot
4672 5355 64 31 91%
4756 5355 106 32 gedaan.

4058 5392 81 25 Aand.
4159 5392 113 31 Tbeissp.
4290 5394 64 22 242;
4371 5389 98 24 ni.nwe
4488 5391 72 25 Russ.
4578 5388 112 27 Pandbr.
4703 5391 57 26 162;
4778 5391 15 21 5
4809 5386 58 33 pCt.
4889 5385 54 27 Hon-

4025 5424 123 32 gaarsche
4175 5424 138 31 Spoorweg
4345 5420 92 33 101%,
4467 5425 61 28 102;
4553 5426 14 25 7
4593 5421 58 40 pCfc
4681 5419 177 27 Rumanuschc
4883 5418 77 28 Leen.

4030 5458 87 27 12-11/4;
4135 5459 15 22 3
4169 5456 57 33 pCt.
4246 5453 224 27 Victor-Emanuel
4489 5456 71 33 78%,
4578 5456 11 20 S
4604 5466 17 18 1;
4641 5453 80 27 Aand.
4739 5454 54 26 met
4808 5452 152 33 lotingstad

4026 5489 103 25 Madrid
4153 5491 50 25 21;
4228 5490 15 21 6
4269 5485 58 33 pCt.
4354 5486 122 27 Centraal
4501 5487 93 28 Pacific
4613 5489 79 30 73%,
4717 5490 44 30 74;
4778 5491 14 24 7
4812 5486 57 32 pCt.
4890 5487 71 25 W.üt

4026 5518 143 26 Wisconsiii
4202 5516 77 33 68%;
4306 5517 85 25 Union
4420 5518 91 30 Pacific
4535 5520 77 33 731/4;
4644 5525 14 22 6
4685 5520 58 34 pCt.
4768 5520 102 26 Turken
4898 5522 63 24 1869

4026 5551 24 30 ƒ
4070 5554 53 26 143,
4143 5552 58 28 145;
4218 5552 15 21 5
4250 5548 58 34 pCt.
4326 5549 59 26 Ver.
4403 5550 111 30 Amerik.
4533 5550 106 30 fondsen
4655 5556 40 24 8b
4713 5582 7 2 _

4059 5641 84 28 Koers
4159 5650 53 17 van
4230 5643 43 24 het
4290 5644 57 30 geld
4363 5644 33 31 bij
4413 5647 33 24 de
4462 5647 66 28 Ned.
4545 5649 78 26 Bank
4639 5650 84 25 sedert
4740 5652 17 22 3
4773 5648 65 26 Nov.
4858 5648 69 22 1869.

4058 5674 24 25 \\
4091 5673 196 27 issel-Disconto
4305 5678 14 22 5
4338 5675 66 34 pCt.j
4421 5678 286 31 Promessen-Disconto
4724 5680 46 31 5%
4787 5680 66 33 pCt.;
4870 5676 74 26 Belee-

4026 5713 63 34 mn^
4104 5713 50 18 van
4172 5706 119 27 Binnenl.
4306 5706 116 31 Effecten
4439 5713 46 24 SVo
4504 5714 51 33 pCt
4571 5725 8 22 ;
4594 5715 34 27 id.
4645 5724 52 18 van
4714 5712 115 28 Buitenl.
4845 5708 115 28 Effecten

4026 5741 14 21 5
4057 5737 58 33 pCt.
4131 5738 35 26 id.
4185 5746 50 18 van
4252 5740 131 28 Goederen
4401 5743 46 33 5%
4466 5747 58 31 pCt.

4056 5819 106 32 Prijzen
4180 5820 46 27 der
4244 5820 122 34 Coupons.
4400 5826 149 30 Metallieke
4566 5831 25 30 ƒ
4613 5831 78 24 19.P.0
4730 5824 65 27 Dito
4820 5823 139 28 Nationale

4025 5852 24 30 ƒ
4067 5854 129 31 24.171/2;
4221 5854 63 27 Dito
4309 5856 64 35 Eng.
4391 5867 46 26 per
4454 5861 22 26 £
4500 5864 54 26 ƒll
4574 5862 79 28 1VI«;
4674 5859 64 28 Eng.
4756 5858 98 25 Bussen
4872 5864 45 26 per
4935 5856 24 25 £

4025 5883 24 31 ƒ
4061 5885 125 32 11.771/2;
4204 5885 64 34 Eng.
4286 5888 125 37 Portugal
4430 5895 77 32 per£
4524 5896 25 30 ƒ
4563 5893 18 33 t
4580 5893 109 33 1.77%;
4706 5890 130 28 Gansche
4861 5889 25 31 ƒ
4911 5891 47 27 56;

4025 5919 64 28 Belg
4123 5919 51 30 561/
4195 5929 7 21 R;
4221 5919 81 31 Prujg.
4322 5926 24 28 ƒ
4361 5928 79 30 341/2;
4465 5928 94 25 Hamb.
4578 5929 97 22 Kussen
4694 5926 89 30 ƒ—;
4799 5926 99 24 Russen
4923 5921 35 24 in.

4025 5949 24 25 Z.
4067 5949 31 25 R.
4115 5975 9 4 _
4148 5952 80 33 28%;
4247 5954 83 28 Pools,
4346 5957 27 26 iv
4391 5957 25 26 fl.
4435 5957 25 32 ƒ
4467 5960 81 32 27%;
4565 5967 46 25 per
4628 5959 27 25 /.
4672 5957 30 26 li.
4721 5957 25 28 ƒ
4828 5966 6 18 ;
4853 5955 105 31 Spaans;

4025 5983 24 27 f
4065 5993 78 21 ~~',
4162 5983 215 33 Amerikaansche
4394 5991 104 26 Dollars
4515 5993 25 28 ƒ
4554 5992 116 33 2.40%;
4688 5991 61 25 Dito
4766 5986 94 33 Papier
4877 5986 81 30 ƒ—;

4025 6015 109 25 Roebels
4150 6018 87 31 ƒ—.
4256 6021 130 26 Turksche
4404 6022 105 32 Coupon
4600 6033 6 20 ;
4632 6018 213 38 Spa_ns.-Fra_i.
4866 6017 25 31 ƒ
4910 6018 48 27 56;

4025 6046 99 27 Piaster
4140 6050 146 35 ƒ2.251'»;
4303 6054 118 27 Oostenr.
4437 6053 182 27 Bank-Actien
4637 6066 87 13 —.—.

4261 6125 450 38 Wisselkoersen.

4022 6183 227 37 Hamburg2/m...
4270 6189 26 30 ƒ
4311 6191 63 28 34.,_
4426 6196 30 24 g.
4505 6190 125 25 Lissabon
4645 6188 102 31 3/m...
4769 6188 25 31 ƒ
4811 6190 65 30 W/.
4923 6195 31 25 g.

4054 6216 72 30 Idem
4141 6221 53 27 3/m
4280 6231 11 13 «
4422 6229 30 24 g.
4505 6222 80 25 Porto
4602 6221 53 32 3/m
4779 6234 12 11 «
4811 6223 61 32 401/3
4923 6227 31 26 g.

4054 6249 72 30 Idem
4141 6254 54 33 zigt
4280 6263 12 13 »
4309 6252 78 33 355/
4407 6252 2 33 w
4423 6260 28 24 g.
4505 6253 117 27 Petersb.
4635 6254 52 31 3/m
4779 6279 8 1 „
4813 6260 43 22 141
4923 6263 30 25 g.

4022 6282 104 26 Londen
4142 6287 52 25 2/m
4279 6295 12 13 «
4313 6287 77 24 11.78
4422 6292 28 24 g.
4504 6286 83 33 Parijs
4603 6281 59 30 kort
4779 6301 12 12 „
4808 6289 79 28 587-io
4923 6295 31 20 g.

4052 6315 72 26 Idem
4141 6317 54 33 zigt
4278 6328 12 12 //
4312 6319 77 22 11.83
4422 6324 27 25 p.
4504 6318 71 26 Idem
4591 6320 53 25 2'm
4778 6333 12 11 «
4808 6322 64 31 561/
4887 6322 20 31 g
4922 6327 28 25 g.

4478 6344 5 37 I
4502 6350 72 28 Idem
4597 6353 50 30 l/m
4779 6366 12 12 »
4923 6361 30 21 g.

4067 6475 247 1 BERICHTEN
4341 6475 54 1 IN
4422 6475 56 1 DE
4505 6475 193 1 LAATSTE
4724 6475 164 1 EDITIE
4916 6474 37 2 VAN

4067 6475 104 1 HET
4205 6475 172 1 VORIG
4411 6475 208 1 NOMMER
4654 6474 299 2 OPGENOMEN.

4206 6567 231 40 AMSTERDAM,
4455 6575 130 33 Maandag
4602 6579 17 24 3
4635 6569 111 32 Januari.

4054 6618 91 26 Heden
4161 6618 86 24 vierde
4264 6618 31 25 de
4304 6618 61 28 heer
4375 6619 24 30 J.
4409 6621 30 27 R.
4449 6621 169 27 Baartmans,
4635 6618 64 27 baas
4713 6618 91 26 kuiper
4821 6621 32 27 op
4864 6618 20 24 's
4893 6618 59 31 rijks

4023 6648 64 27 werf
4100 6648 91 32 alhier,
4208 6648 63 32 zijne
4291 6653 122 27 vervulde
4429 6653 125 34 50-jarige
4571 6646 163 33 betrekking.
4759 6644 58 31 Van
4833 6648 106 26 verschil-

4023 6680 71 39 lende
4113 6678 111 39 hoogere
4244 6686 31 22 en
4292 6680 86 35 lagere
4398 6685 167 27 ambtenaren
4583 6680 110 32 ontving
4709 6677 30 27 de
4763 6678 130 37 waardige
4907 6680 31 33 ju-

4023 6715 87 28 bilaris
4128 6713 135 33 hartelijke
4283 6715 94 33 blijken
4394 6724 50 19 van
4461 6716 161 28 deelneming
4639 6711 25 28 la
4683 6709 38 30 dit
4739 6709 71 31 feest
4844 6713 59 32 Nog
4928 6710 25 27 in

4023 6745 176 32 krachtvolkn
4217 6743 98 40 Icsftyd
4338 6752 39 30 (o.
4393 6749 85 34 jui.ii)
4498 6745 102 31 vervult
4616 6742 109 38 hyzyu.
4739 6742 214 37 l.U._king„-t
