5067 6898
120 203 167 99 tf°.
363 209 413 102 11816.

1142 118 596 197 Nieuwe
1838 118 1292 197 Amsterdamsche
3229 118 696 197 Courant

4351 207 181 100 A°.
4603 200 344 107 1870.

189 423 1754 2 ALGEMEEN
2163 424 2633 1 HANDELSBLAD.

1817 1013 680 132 Woensdag
2572 1019 80 98 o
2722 1013 534 104 Januari.

1825 1175 699 35 UITGEVERS-DIREKTEUREN:
2559 1176 334 35 GEBROEDERS
2924 1175 327 35 DIEDERICHS.

385 1007 478 33 ABONNEMENTSPRIJS
888 1006 125 31 VOOR
1038 1006 22 32 3
1085 1004 242 30 MAANDEN.

154 1058 85 32 Voor
254 1061 195 31 Amsterdam
576 1064 85 39 ƒG.
670 1081 54 13 —.
774 1059 81 32 Vtor
876 1059 37 30 de
934 1058 119 39 overige
1076 1057 129 40 plaatsen
1228 1057 50 28 des
1300 1057 190 39 rijks../7.
1500 1072 35 5 —
1545 1077 5 7 .

155 1108 226 41 Afzonderlijke
396 1120 154 19 nummers
569 1123 27 17 .//
622 1110 97 30 O.(H.
769 1109 35 28 B.
816 1107 156 39 stellingen
989 1116 35 18 en
1046 1106 207 38 aanvragen/*
1261 1104 74 28 „-Zr.
1352 1104 31 27 in
1396 1109 27 24 te
1437 1103 112 28 zenden.

158 1153 64 31 Het
243 1156 143 31 kwaitaal
407 1161 83 25 moet
514 1156 128 31 voldaan
665 1157 57 39 zijn
745 1154 131 40 uiteilijk
896 1163 39 28 op
958 1153 57 30 den
1037 1150 45 30 15'
1137 1160 58 20 van
1218 1149 37 31 de
1274 1150 19 28 3
1294 1149 25 18 lie
1339 1149 117 30 maand.

155 1200 57 31 Dit
230 1201 70 32 blad
322 1204 159 40 verschijnt
504 1204 163 39 dagelijks,
693 1201 124 32 tehalve
836 1212 39 30 op
896 1199 104 31 enkele
1022 1196 177 39 feestdagen.

3900 1000 123 31 PRIJS
4048 1002 93 30 DER
4165 1002 373 33 ADVERÏENÏIEN-

3519 1054 69 30 Van
3611 1064 65 20 een
3704 1061 43 24 tot
3768 1063 72 21 vijf
3861 1062 122 32 gewone
4004 1054 97 39 rebels
4114 1054 30 39 ƒ
4160 1054 89 31 1.25.
4294 1056 76 30 Elke
4394 1057 79 40 regel
4495 1069 79 19 meer
4793 1059 93 39 fö.Q.
4887 1059 5 14 r
4893 1070 19 19 >.

3521 1103 182 38 Aanvragen
3723 1113 35 19 en
3777 1101 185 38 vermelding
3978 1110 59 19 van
4059 1100 181 40 liefdegiften
4257 1104 118 27 worden
4397 1106 146 38 geplaatst
4576 1117 52 27 per
4650 1107 78 39 regel
4744 1119 15 17 u
4780 1107 34 31 15
4827 1111 89 25 cents.

3521 1147 163 31 Reklames
3696 1150 34 27 of
3733 1149 231 39 aanbevelingen
3978 1147 145 39 (beneden
4134 1148 51 30 het
4198 1144 242 37 Binnenlandsch
4455 1153 137 38 Nieuws)
4605 1165 51 27 per
4669 1154 76 38 regel
4756 1154 67 30 kttO
4831 1159 90 25 cents.

3520 1194 115 31 Groote
3659 1195 98 35 let.ers
3782 1196 118 30 worden
3926 1194 148 31 bonkend
4096 1206 72 20 naar
4189 1195 50 31 het
4260 1196 96 28 aantal
4380 1208 116 28 cjewone
4518 1200 109 39 regels,
4650 1200 51 30 dat
4722 1201 37 39 zij
4780 1200 136 30 beslaan.

247 1319 175 54 Het
458 1317 191 67 jaar
687 1317 235 56 1869.

144 1466 34 26 Al
204 1467 112 34 dadelijk
343 1468 33 33 bij
404 1468 48 25 den
483 1474 119 34 aanvang
630 1468 45 25 des
692 1466 73 33 jaars
785 1465 70 24 werd
870 1462 54 25 met
941 1461 47 32 vrij
1006 1468 46 17 vee
1055 1453 7 24 1

113 1505 79 33 opbel'
217 1507 46 27 het
288 1508 103 25 houden
417 1514 50 18 van
494 1514 46 17 een
565 1504 202 35 tegen-koncilie
796 1501 213 33 aangekondigd,
1035 1501 27 25 te

118 1553 94 25 .penen
236 1547 27 24 in
282 1546 77 25 Italië
377 1553 32 24 op
426 1545 50 25 deu
495 1544 50 33 dag
563 1545 86 24 zidvvn
667 1552 50 17 van
735 1543 46 25 het
798 1540 131 33 wezenlijk
951 1539 111 26 koncilie

113 1592 32 19 en
170 1584 34 35 bij
230 1586 26 25 te
280 1592 91 19 wonen
394 1583 64 27 door
494 1583 158 34 vrijdenkers
685 1583 41 26 uit
758 1580 32 27 de
824 1580 105 34 geheelo
958 1578 104 30 wereld.

113 1625 150 32 Aangezien
281 1625 89 25 echter
386 1623 97 26 slechts
502 1623 126 34 weinigen
648 1631 50 17 van
719 1620 139 32 zoodanige
876 1618 185 27 demonstratie

113 1664 90 32 eenige
229 1662 141 26 bruikbare
396 1661 128 25 vruchten
548 1659 102 26 konden
676 1658 164 27 verwachten
856 1665 33 19 en
906 1658 46 25 het
972 1658 46 24 dus
1033 1657 27 25 te

113 1703 122 25 voorzien
261 1710 53 17 was
326 1721 5 9 ,
350 1700 45 25 dat
413 1708 48 17 van
480 1698 32 25 de
530 1698 117 32 waarlijk
664 1698 104 27 heldere
785 1697 112 26 hoofden
914 1696 54 26 niet
987 1695 72 26 Telen

113 1741 59 26 zich
190 1741 99 26 zouden
306 1740 72 25 laten
394 1737 94 25 vinden
507 1737 41 25 tot
566 1746 60 18 eene
644 1737 74 32 ijdele
737 1736 161 31 veitooning,
915 1734 41 26 die
966 1733 79 26 boven-

115 1780 60 26 dien
191 1786 64 19 voor
273 1776 123 32 sommige
415 1775 162 26 woelwaters
593 1776 96 25 slechts
706 1782 60 18 eene
778 1773 170 34 gelegenheid
956 1773 26 24 te
991 1778 70 18 meer

116 1819 50 33 zijn
191 1818 67 28 kon,
285 1824 41 18 om
352 1814 87 26 hunne
463 1813 161 26 huisbakken
641 1813 116 33 wijsheid
774 1813 26 22 te
817 1811 123 28 luchten,
956 1808 104 26 maakte

112 1857 64 26 deze
195 1854 195 32 aankondiging
406 1853 57 25 niet
480 1852 57 25 veel
553 1852 96 26 indruk
665 1860 31 15 en
716 1851 30 24 de
764 1847 63 26 zaak
843 1847 71 25 zelve
933 1845 125 33 eindigde,

116 1893 80 34 gelijk
204 1902 59 18 men
273 1893 52 25 had
333 1892 105 24 kunnen
448 1890 171 28 verwachten,
632 1889 53 24 met
693 1894 60 18 eene
764 1885 115 33 tamelijk
889 1883 169 33 ongeregelde

115 1932 178 32 bijeenkomst,
299 1928 98 26 waarin
406 1928 46 24 het
461 1926 157 25 onverstand
628 1925 54 28 zich
693 1925 48 26 den
752 1924 126 34 hoogsten
887 1924 63 25 toon
956 1931 86 18 aanma-

113 1971 81 32 tigde,
213 1968 93 27 zoodat
315 1969 44 22 ten
369 1965 79 26 slotte
458 1965 115 26 wellicht
582 1965 30 26 de
622 1965 157 33 ontwerpers
788 1963 132 34 heimelijk
927 1963 132 34 verheugd

115 2015 103 21 waren,
243 2004 46 26 dat
315 2004 31 34 zij
365 2004 63 26 door
445 2004 31 28 de
494 2006 90 34 politie
602 2004 103 27 werden
722 2004 136 33 ontslagen
874 2011 50 19 van
941 2004 50 26 den
1007 2004 52 26 last

116 2054 43 17 om
176 2052 61 18 eene
255 2044 170 34 onmogelijke
443 2047 64 26 zaak
524 2046 91 27 verder
633 2046 99 35 gaande
749 2047 27 25 te
790 2044 110 27 houden.
918 2044 71 27 Naar
998 2052 46 19 aan-

115 2082 99 35 leiding
231 2092 77 18 eener
330 2086 132 34 oproerige
480 2086 60 27 rede
556 2095 51 19 van
619 2087 107 27 zekeren
735 2085 185 31 Franschman,
932 2082 128 35 Rcgnard,

116 2122 78 32 werd,
211 2124 78 33 gelijk
307 2132 59 19 men
384 2126 81 31 weet,
483 2126 47 26 het
547 2126 185 28 anti-koncilie
758 2126 73 26 reeds
857 2125 33 34 bij
909 2124 32 27 de
961 2122 98 27 tweede

116 2163 96 34 zitting
234 2164 158 27 ontbonden.

150 2204 58 26 Van
224 2211 70 19 meer
309 2204 97 33 belang
423 2211 53 19 was
493 2204 32 26 de
542 2205 113 33 ernstige
673 2204 190 37 bezorgdheid,
882 2204 40 26 die
941 2204 78 26 onder
1030 2203 30 25 de

117 2242 168 27 katholieken
302 2243 104 31 zelven,
423 2243 56 26 met
494 2250 76 19 name
586 2244 27 25 in
622 2244 189 32 Duitschland,
820 2244 57 26 zich
889 2242 170 34 openbaarde,

113 2281 118 26 ■omtrent
249 2282 31 25 de
296 2281 143 33 gevolgen,
458 2281 40 25 die
516 2281 46 26 het
578 2282 112 26 koncilie
709 2283 103 27 hebben
829 2283 51 26 kon
889 2289 63 19 voor
963 2282 31 26 de
1003 2289 44 18 een-

116 2315 63 31 heid
195 2320 46 26 der
254 2320 149 25 katholieke
412 2320 63 25 kerk
485 2328 32 18 en
526 2320 64 27 hare
600 2322 163 34 verhouding
772 2323 40 26 tot
823 2322 30 26 de
865 2321 196 33 maatschappij.

113 2356 118 27 Behalve
248 2357 28 26 in
294 2367 46 18 een
357 2357 89 27 aantal
463 2359 243 34 dagbladopstellen
724 2370 32 17 en
772 2361 196 34 vlugschriften,
986 2359 76 27 vindt

115 2402 64 19 men
194 2396 31 26 de
243 2398 170 34 uitdrukking
431 2396 74 26 dezer
522 2398 174 34 bezorgdheid
720 2401 26 26 in
772 2401 47 26 het
844 2400 116 27 bekende
987 2399 74 27 adres

116 2440 52 19 van
185 2439 32 21 35
234 2437 168 31 aanzienlijke
428 2437 168 26 katholieken
618 2439 40 25 uit
676 2440 112 25 Coblenz
807 2450 48 15 aan
873 2441 50 24 den
941 2439 119 32 bisschop

117 2478 51 19 van
184 2472 81 28 Trier.
300 2474 32 27 In
357 2473 138 33 Frankrijk
511 2483 32 18 en
560 2476 78 27 Italië
663 2486 61 19 nam
743 2478 46 27 het
806 2478 110 35 publiek
932 2478 31 26 de
980 2478 80 26 zaken

117 2510 131 35 luchtiger
265 2522 32 24 op
315 2522 31 17 en
363 2513 93 26 scheen
472 2513 46 25 het
537 2515 71 31 zelfs,
618 2517 30 26 of
660 2525 59 19 men
738 2518 53 26 min
810 2518 28 26 of
853 2525 70 18 meer
939 2517 57 26 zich
1005 2524 43 19 ver-

118 2548 100 34 heugde
236 2550 27 26 in
280 2551 47 25 het
343 2551 190 32 vooruitzicht,
550 2554 46 27 dat
613 2556 47 26 het
676 2556 111 27 koncilie
804 2557 56 26 niet
876 2565 48 17 zou
941 2556 120 33 eindigen

117 2588 96 25 zonder
229 2590 125 31 oppositie
372 2598 50 18 van
438 2591 31 26 de
487 2591 64 33 zijde
563 2602 51 19 van
624 2596 122 33 sommige
756 2596 119 27 fransche
883 2595 176 33 bisschoppen,

118 2624 123 25 derhalve
257 2627 56 25 niet
330 2628 94 25 zonder
441 2630 74 32 eenig
531 2631 149 28 schandaal.

152 2661 111 27 Althans
289 2672 59 19 men
373 2667 125 33 verkrijgt
516 2668 57 27 dien
589 2669 96 30 indruk
698 2693 4 9 ,
726 2681 120 19 wanneer
867 2681 59 18 men
945 2673 116 33 nagaat,

118 2699 48 26 hoe
185 2700 45 26 het
247 2702 118 26 fransche
381 2712 32 17 en
430 2705 170 31 italiaansche
626 2711 106 33 publiek
765 2713 58 25 zich
860 2712 133 27 aanstelde
1023 2712 39 26 als

118 2739 56 25 niet
190 2740 177 35 onmiddellijk
384 2743 152 35 betrokken,
554 2747 123 30 ofschoon
703 2759 63 18 naar
784 2752 48 25 den
853 2752 83 32 afloop
951 2752 94 25 nieuws-

113 2778 123 32 gierigen
267 2781 193 32 toeschouwer,
485 2785 33 33 bij
554 2786 48 26 den
638 2790 158 32 pennestrijd
822 2791 124 25 tusschen
983 2790 78 26 Louis

117 2815 117 28 Yeuillot
267 2825 32 18 en
333 2819 48 26 den
399 2822 119 34 bisschop
536 2832 50 19 van
604 2826 116 32 Orleans,
752 2836 31 18 en
817 2829 91 26 scheen
939 2829 27 26 te
1000 2829 46 26 wei-

116 2854 72 26 felen
204 2856 53 25 wat
274 2864 70 18 meer
360 2859 64 32 zijne
442 2862 131 27 aandacht
591 2867 144 31 verdiende,
754 2867 32 26 de
804 2867 90 27 moord
909 2869 28 25 te
954 2868 106 32 Pantin,

115 2891 34 25 «of
162 2893 46 25 het
223 2894 78 27 kloek
317 2896 98 27 besluit
431 2907 51 19 van
501 2902 74 31 pater
592 2902 143 34 Hyacinth.

151 2929 72 28 Toch
237 2933 104 27 konden
358 2936 210 32 gebeurtenissen
588 2941 38 26 als
643 2943 32 24 de
693 2943 172 33 verschijning
876 2953 48 17 van
937 2946 46 24 het
993 2947 69 24 werk

117 2973 54 20 van
195 2976 64 26 mgr.
285 2972 86 27 Maret
397 2982 32 18 en
455 2976 31 25 de
511 2978 105 34 scherpe
643 2980 143 33 afkeuring
809 2981 113 27 daarvan
948 2983 65 26 door
1030 2985 31 26 de

119 3007 111 31 CtvUtè,
252 3009 39 25 als
315 3012 32 24 de
372 3013 198 35 briefwisseling
595 3019 124 25 tusschen
744 3020 109 26 broeder
872 3021 133 33 Hyacinth
1030 3032 33 17 en

117 3045 52 21 den
187 3046 100 24 overste
306 3047 45 25 der
370 3050 177 32 karmelieten,
566 3054 38 25 als
622 3056 30 25 de
673 3056 67 28 brief
756 3066 50 18 van
824 3066 65 25 mgr.
907 3060 156 32 D.ipanloup

119 3084 51 19 aan
193 3084 113 24 Vemllot
322 3092 63 18 voor
403 3090 115 32 ernstige
542 3091 85 27 lieden
652 3094 97 26 slechts
768 3097 31 25 de
816 3097 177 27 kenteekenen
1013 3098 48 32 zijn

119 3122 76 18 eener
211 3120 155 30 gewichtige
386 3123 136 33 beweging
543 3129 26 22 in
591 3130 50 24 den
658 3130 105 26 boezem
781 3133 45 22 der
836 3135 118 22 fransche
964 3135 81 24 katho-

119 3155 67 22 lieke
203 3155 71 22 kerk.
301 3155 15 24 \
325 3163 46 18 oor
384 3157 178 30 Duitschland
580 3165 115 30 voegden
707 3169 56 22 zicli
774 3169 98 32 daarbij
882 3169 46 25 het
935 3169 125 33 grondige

119 3194 126 31 geschrift
263 3201 50 18 van
330 3194 84 26 Janus
430 3203 33 18 en
478 3196 46 25 het
535 3198 24 25 in
570 3200 116 27 Oktober
697 3206 161 27 verschenen,
869 3214 46 14 aan
926 3206 136 32 Döllinger

119 3230 216 33 toegeschreven,
361 3233 196 30 Memorandum
581 3244 48 19 aan
647 3237 31 26 de
696 3240 91 26 vaders
804 3248 48 19 van
879 3241 46 27 het
941 3243 119 34 koncilie,

117 3270 44 24 ter
181 3270 63 26 zake
261 3272 45 27 der
322 3274 138 35 pauselijke
478 3276 204 30 onfeilbaarheid
703 3280 190 35 (Krwagungen
911 3282 89 28 fiirdie
1018 3286 30 27 Bi-

120 3308 90 28 schöfe
228 3312 44 27 des
289 3313 165 30 Concilium's
477 3317 64 28 über
559 3313 45 32 die'
617 3318 84 37 Prage
720 3319 46 28 der
782 3321 161 35 papstliehen
956 3325 92 27 Unfehl-

119 3350 112 28 barkeit.
250 3352 138 34 München,
406 3356 86 28 Henu.
511 3358 96 34 Manz).
625 3360 119 35 Hetgeen
761 3363 27 28 in
806 3364 61 27 deze
882 3365 100 27 werken
993 3367 67 27 werd

117 3391 196 33 medegedeeld,
331 3403 52 18 was
399 3397 128 27 volstrekt
544 3400 56 26 niet
615 3400 172 31 fonkelnieuw
807 3412 31 19 en
854 3413 63 19 voor
937 3406 41 27 die
997 3416 65 27 geen

118 3430 176 38 vreemdeling
319 3433 21 27 is
365 3444 32 25 op
422 3436 46 27 het
493 3438 92 33 gebied
602 3442 46 25 der
666 3443 139 34 kerkelijke
823 3446 126 32 polemiek
967 3449 48 25 ook
1036 3449 27 26 in

119 3470 56 24 veel
201 3471 94 26 oudere
320 3475 104 27 werken
445 3477 27 25 to
498 3477 94 28 vinden
619 3482 168 33 (Febronius;
806 3484 45 26 Dr.
876 3485 74 31 Blau,
980 3489 72 30 17«jl)

122 3513 71 19 maar
210 3509 59 25 «leze
287 3511 110 31 werken,
415 3521 63 20 voor
493 3516 137 32 geleerden
647 3519 125 34 bestemd,
782 3522 104 28 werden
894 3522 98 27 slechts
1000 3523 64 27 door

122 3547 138 28 geleerden
276 3548 104 32 gelezen
398 3560 31 17 en
444 3554 85 30 thans,
549 3565 32 15 nu
602 3557 63 24 dea'
980 3572 22 14 w
1012 3569 52 17 ag

122 3585 142 31 opgewekt,
282 3588 103 25 werden
404 3591 99 26 boeken
520 3593 39 25 als
578 3594 40 25 die
637 3604 50 17 van
704 3598 89 28 Janus,
811 3599 123 25 ofèehoon
952 3599 110 32 geleerd,

122 3621 64 25 door
204 3622 143 26 duizenden
363 3626 43 25 ter
420 3626 71 27 hand
509 3637 132 25 genomen,
663 3639 31 19 en
712 3633 78 34 hetzij
811 3634 26 26 in
855 3635 53 26 hun
930 3637 91 34 geheel
1038 3638 27 27 of

120 3659 37 35 bjj
176 3660 136 28 uittreksel
330 3671 27 19 in
374 3665 93 27 andere
485 3666 71 30 talen
576 3672 137 34 overgezet
730 3681 32 19 en
778 3674 111 34 gelezen.
908 3677 72 27 Geen
989 3685 57 19 won-

124 3700 46 24 der
188 3700 51 25 dan
256 3700 57 32 ook,
331 3703 46 27 dat
394 3704 31 28 de
442 3705 106 31 lektuur
563 3717 52 21 van
632 3711 74 30 zulke
723 3713 178 37 verderfelijke
922 3717 128 28 onthullin-

119 3744 53 26 gen
198 3742 63 25 door
283 3742 31 27 de
340 3743 26 28 h.
387 3744 169 39 kongregatie
573 3759 50 20 van
640 3754 51 28 den
706 3754 77 28 index
800 3764 51 19 aan
866 3756 31 27 de
914 3757 151 33 geloovigen

123 3778 81 27 wierd
222 3782 118 35 ontzegd.

156 3815 84 39 Voegt
256 3829 59 20 men
332 3833 35 18 nn
383 3824 35 35 bij
437 3827 40 26 dit
495 3835 61 19 eene
574 3837 31 19 en
622 3833 94 27 andere
735 3841 52 26 nog
804 3842 46 18 een
867 3834 89 27 aantal
973 3834 77 27 kerke-

122 3860 61 27 lijke
200 3861 193 28 mamfestatiSn
409 3873 32 18 en
458 3866 214 37 bisschoppelijke
690 3873 122 32 brieven,
836 3882 22 18 o.
876 3881 22 18 a.
917 3873 32 27 de
967 3874 80 33 weige-

120 3901 61 30 ring
198 3906 50 20 van
266 3901 30 26 de
315 3901 171 35 bisschoppen
504 3906 46 26 der
566 3909 135 30 grieksche
719 3913 71 31 kerk,
804 3922 41 17 om
863 3914 45 25 het
926 3921 80 26 geza«'
1015 3921 51 18 van

125 3937 50 25 den
191 3945 33 26 pa
226 3946 30 19 US
272 3941 26 24 te
315 3941 129 26 erkennen
463 3952 31 17 en
511 3945 31 25 de
559 3950 226 34 geruststellende,
800 3952 57 26 hier
873 3960 31 18 en
914 3952 63 26 daar
984 3953 66 25 tame-

124 3978 45 28 lijk
187 3979 181 34 nevelachtige
396 3983 148 33 verklaring
563 3985 45 25 der
626 3987 26 26 te
670 3989 85 28 Fulda
771 3991 158 26 verzamelde
948 3991 116 26 duitsche

125 4016 183 34 bisschoppen,
334 4020 120 31 eindelijk
481 4030 31 17 en
537 4023 57 26 niet
608 4024 46 28 het
671 4030 80 26 minst
767 4030 32 26 de
814 4030 162 26 uittartende
1000 4030 50 26 hou-

123 4054 65 33 ding
204 4055 46 27 der
278 4056 87 26 zuiver
391 4058 255 32 ultramontaansche
665 4075 73 25 pers,
764 4069 50 26 dan
830 4069 57 26 valt
904 4069 46 26 het
969 4069 54 26 niet
1039 4069 26 25 te

123 4095 191 32 verwonderen,
332 4095 46 26 dat
404 4096 60 26 deze
484 4098 105 31 //geheel
780 4107 221 34 aangelegenheid
1017 4108 48 26 ook

125 4131 89 26 buiten
234 4134 30 26 de
281 4134 64 26 kerk
363 4134 31 27 de
413 4136 169 31 gemoederen
598 4141 27 26 in
641 4147 129 32 spanning
781 4147 71 25 hield
860 4154 32 19 en
902 4147 54 26 vele
966 4154 99 26 pennen

123 4174 28 19 in
167 4170 136 35 beweging
322 4173 100 32 bracht,
445 4174 40 26 die
495 4175 31 26 de
535 4175 176 44 behandeling
719 4193 50 19 van
778 4186 59 27 deze
848 4186 70 27 soort
928 4193 48 20 van
986 4186 79 27 zaken

123 4212 73 24 nooit
211 4219 52 19 van
280 4213 87 25 hunne
384 4213 145 33 bijzondere
546 4219 109 34 roeping
671 4224 103 26 hadden
791 4226 102 30 geacht.

158 4279 85 34 Tegen
260 4280 46 27 het
324 4281 59 26 eind
399 4291 51 18 van
465 4283 46 26 het
528 4284 151 38 afgeloopen
709 4303 46 17 aar
776 4294 22 26 is
815 4294 122 34 eindelijk
951 4294 99 27 hetkon-

124 4318 59 24 cihe
201 4318 117 34 plechtig
334 4320 123 31 geopend,
476 4322 53 24 met
547 4330 46 18 een
604 4330 139 33 pauselijke
751 4332 133 31 allokutie,
895 4341 120 18 waarvan
1025 4331 39 33 wij

124 4355 124 37 indertijd
273 4358 50 27 den
345 4358 180 28 hoofdinhond
542 4361 102 32 hebbon
663 4370 189 33 medegedeeld.
876 4371 190 32 Aanzienlijker

123 4395 53 24 dan
194 4398 53 22 ooit
263 4398 27 24 te
309 4404 79 18 voren
415 4404 53 18 was
483 4398 46 25 het
547 4403 89 26 aantal
653 4407 136 33 dergenen,
809 4410 39 25 die
866 4410 60 26 deze
945 4409 107 33 vergade-

124 4436 60 28 ring
209 4434 169 33 bijwoonden.
404 4434 123 27 Omtrent
550 4436 32 28 de
607 4442 136 37 eigenlijke
762 4448 174 33 handelingen
954 4456 50 18 van
1022 4448 45 26 het

124 4468 111 28 koncilie
244 4472 52 26 kan
306 4481 52 24 nog
366 4481 94 24 weinig
470 4475 104 27 worden
585 4483 104 32 gezegd.
698 4486 39 26 De
746 4487 98 26 tweede
854 4486 146 34 algemeene
1011 4493 43 19 ver-

126 4508 128 33 gadering
272 4511 71 25 moot
359 4517 52 25 nog
426 4512 105 27 worden
548 4515 136 32 gehouden
700 4531 32 18 en
750 4526 113 26 omtrent
880 4525 111 33 hetgeen
999 4524 27 26 in
1037 4522 30 26 de

124 4545 191 33 kongregatiën
350 4548 113 25 voorviel
494 4553 54 25 valt
574 4559 53 25 met
653 4561 136 26 zekerheid
808 4564 93 32 weinig
919 4565 26 24 te
963 4571 104 24 zeggen,

130 4583 96 32 terwijl
241 4583 142 26 bovendien
400 4585 40 26 die
457 4590 84 26 eerste
556 4598 204 37 vergaderingen
776 4602 189 33 hoofdzakelijk
974 4598 92 35 gewijd

130 4626 87 19 waren
235 4628 48 19 aan
300 4620 31 26 de
347 4622 79 28 keuze
443 4631 50 20 van
510 4631 90 33 eenige
617 4635 180 35 kommissie,,,
822 4649 52 17 enz.
909 4641 102 25 Slechts
1028 4639 39 25 dit

126 4657 63 58 J\
359 4667 84 48 T.
471 4664 48 26 dat
529 4675 130 24 «Gevast
667 4678 214 32 aaneengesloten
892 4677 175 26 meerderheid

126 4694 32 26 de
176 4695 176 31 denkbeelden
370 4698 133 31 derkune
522 4707 171 32 ondersteunt
711 4723 32 19 en
759 4716 30 26 de
810 4717 194 32 samenstelling
1023 4716 44 26 der

126 4733 164 28 kommissien
307 4739 91 32 geheel
415 4747 22 18 is
454 4742 159 32 uitgevallen
628 4749 30 27 in
676 4752 50 27 den
743 4755 26 25 te
788 4755 79 26 Rome
887 4755 180 33 gewenschten

124 4781 90 26 gees-
230 4776 92 27 verder
339 4776 46 27 dat
402 4787 61 19 eene
478 4782 177 37 minderheid,
674 4794 182 32 aanzienlijker
874 4802 52 25 nog
943 4794 61 26 door
1022 4794 45 26 het

124 4813 126 27 karakter
267 4824 32 18 en
317 4815 31 27 de
365 4817 164 33 geleerdheid
549 4820 77 30 harer
643 4827 81 32 leden,
743 4831 51 27 dan
809 4832 64 27 door
891 4833 64 25 haar
971 4832 96 30 aantal,

124 4853 126 28 ofschoon
267 4854 39 28 dit
324 4857 54 26 met
394 4864 92 28 gering
503 4859 51 26 kan
573 4865 102 27 worden
692 4872 141 31 genoemd,
860 4872 129 33 pogingen
1007 4880 45 18 aan-

125 4893 90 25 wendt
248 4903 40 17 om
306 4896 128 26 besluiten
450 4898 27 25 te
496 4899 170 37 voorkomen,
685 4906 39 25 die
743 4910 31 31 zij
791 4910 32 25 èn
835 4911 162 33 verderfelijk
1006 4911 60 25 acht

124 4938 66 18 voor
207 4931 31 25 de
254 4933 56 25 rust
326 4933 46 27 der
387 4933 64 27 kerk
469 4944 31 18 en
519 4936 163 40 bedenkelijk
698 4946 53 25 met
769 4946 45 27 het
831 4957 50 25 oog
893 4957 33 25 op
934 4950 61 26 hare
1005 4949 50 26 stel-

125 4972 74 28 ling,
223 4972 44 21 tot
289 4972 31 24 de
338 4974 213 34 hedendaa^sche
567 4982 195 34 maatschappij.
796 4987 129 30 Eindelijk
943 4989 50 24 kan
1010 4996 57 18 men

126 5008 41 26 als
183 5008 132 32 algemeen
332 5014 123 28 gevoelen
474 5023 48 18 van
540 5016 66 32 hen,
624 5020 41 26 die
681 5022 26 26 in
725 5023 31 25 de
774 5023 170 38 gelegenheid
959 5028 58 33 zijn,
1028 5035 39 19 om

125 5046 52 27 den
194 5046 60 33 loop
269 5046 46 26 der
333 5048 80 27 zaken
431 5061 51 17 van
500 5055 67 32 nabij
587 5059 65 30 gade
669 5061 26 24 te
712 5061 87 32 slaan,
816 5066 188 30 aanteekenen,
1023 5068 44 24 dat

126 5086 96 31 hoogst
239 5086 198 33 waarschijnlijk
456 5089 40 25 die
514 5094 130 31 pogingen
661 5105 32 22 op
711 5099 50 24 den
781 5101 156 33 einduitslag
946 5111 64 24 geen
1018 5105 48 24 den

125 5125 115 25 miniten
265 5121 105 27 invloed
391 5122 85 28 zullen
496 5128 120 30 oefenen,
633 5133 77 30 tenzij
730 5135 123 31 wellicht,
870 5146 52 22 nog
939 5148 63 17 voor
1018 5141 48 25 den

126 5161 85 32 afioop
228 5160 46 25 der
293 5159 211 34 vergaderingen,
522 5171 46 18 een
586 5167 77 28 groot
678 5170 90 25 aantal
783 5171 76 27 leden
874 5174 57 24 zich
947 5183 51 18 van
1006 5184 46 18 ver-

129 5200 60 26 dere
207 5199 190 33 medewerking
410 5199 138 28 onthoude.

161 5241 71 26 Voor
248 5241 73 25 zulke
339 5241 126 26 uitersten
483 5241 89 28 echter
587 5243 94 34 schijnt
698 5251 58 19 men
765 5245 26 26 in
802 5246 79 28 Rome
891 5249 54 26 niet
953 5249 115 28 beducht

126 5283 28 24 te
178 5282 58 33 zijn.
267 5281 61 27 Men
346 5282 51 25 ziet
413 5290 28 18 er
458 5283 53 25 met
529 5285 162 26 vertrouwen
711 5285 31 28 de
759 5288 130 28 toekomst
906 5290 27 26 te
948 5293 118 32 gemoet,

128 5321 133 26 verwacht
279 5329 47 18 van
346 5322 31 25 de
393 5321 129 27 besluiten
541 5331 50 19 van
607 5326 46 27 het
671 5327 109 27 koncilie
797 5328 45 28 het
861 5329 77 35 begin
954 5340 50 19 van
1022 5315 45 45 een'

126 5359 86 26 nieuw
228 5359 112 34 tijdperk
358 5369 50 18 van
424 5361 69 27 bloei
502 5370 61 18 voor
574 5365 30 25 de
613 5366 148 28 katholieke
769 5368 64 27 kerk
850 5379 31 18 en
892 5386 31 4 —
932 5373 84 26 wordt
1024 5381 30 26 ge-

130 5399 93 33 waagd
239 5407 51 17 van
306 5399 32 26 de
354 5401 185 33 mogelijkheid
554 5422 5 11 ,
575 5402 46 27 dat
639 5406 30 27 de
687 5407 175 38 afkondiging
880 5420 48 18 van
946 5414 122 26 sommie

129 5437 254 32 geloofswaarheden
407 5440 47 25 het
480 5440 142 30 duizenden
646 5454 133 28 nagenoeg
804 5452 156 33 onmogelijk
976 5453 93 26 maken

130 5473 39 26 zal
187 5476 131 32 getrouwe
335 5484 80 20 zonen
432 5478 45 26 der
495 5478 64 27 kerk
575 5481 26 26 te
620 5483 96 35 blijven
731 5497 32 17 en
776 5490 115 26 wellicht
900 5499 60 18 eene
971 5492 98 26 nieuwe

131 5512 139 32 scheuring
287 5513 39 25 zal
343 5517 171 25 veroorzaken
522 5531 31 5 -
563 5518 50 27 dan
630 5524 85 27 troost
730 5535 58 18 men
798 5529 56 26 zich
865 5531 53 25 met
930 5531 45 25 het
983 5531 87 33 geloof

131 5551 71 56 _l,
202 5595 17 12 n
252 5588 26 19 io
477 5562 60 18 Ceae
535 5594 8 13 1
554 5557 65 32 z'jde
621 5580 5 11 '
646 5562 172 33 ra«oots
827 5576 14 20 Z
841 5568 26 28 al
880 5570 103 26 worden
992 5578 77 26 opge-

128 5595 46 51 Z
175 5595 120 51 g|X.thol
324 5627 15 19 t
413 5600 31 46 ?
462 5600 50 46 Vav
529 5594 32 27 d°
578 5598 202 33 aüd^-°.-dat
789 5615 58 19 men
856 5608 115 27 wellicht
979 5609 89 33 eenige

128 5624 244 28 naamkatholieken
392 5629 39 26 zal
449 5630 143 34 verliezen,
608 5643 73 21 maar
702 5642 351 39 daarentegenmenigenpro-

126 5663 103 26 testant
255 5670 32 19 en
313 5665 92 28 andere
431 5668 213 34 afgescheidenen
670 5680 40 27 zal
735 5682 107 30 winnen.
878 5657 113 58 Onland.
1017 5696 52 19 no*

130 5702 69 60 *f
200 5750 7 13 r
227 5711 48 52 t?
365 5714 14 48 ?
506 5709 39 24 Wt
566 5711 80 30 E°me
665 5720 116 33 *emeld.
861 5733 58 19 men
935 5735 133 26 nagenoeg

130 5741 77 27 _eker
227 5748 52 19 was
295 5751 51 18 van
363 5744 48 26 den
431 5753 132 27 overgang
580 5759 50 20 van
646 5759 65 26 8000
728 5760 163 34 Anglikanen

163 5780 118 33 Hetgeen
304 5791 26 17 in
348 5781 60 27 deze
425 5785 210 37 verwachtingen
652 5803 32 18 en
698 5797 233 34 bekommernissen
939 5806 130 26 waarheid

129 5818 24 26 is
169 5818 40 27 zal
228 5820 72 26 reeds
318 5829 27 19 in
361 5822 39 26 dit
413 5831 61 26 jaar
488 5823 103 30 kunnen
600 5828 104 37 blijken.
722 5836 70 30 Voor
798 5839 46 28 hot
854 5811 215 61 oS-büTS

130 5864 61 19 men
209 5858 141 32 tegenover
365 5862 46 25 het
428 5870 184 26 aangevangen
626 5870 111 28 koncilie
754 5846 53 63 ni
828 5904 4 1 .
840 5851 118 57 oEn
983 5883 74 26 inde

130 5896 84 26 zetfde
241 5897 163 37 verhouding
430 5900 38 26 als
476 5901 60 27 toen
546 5902 45 27 het
600 5883 270 65 aangekondigde
893 5922 89 26 Die-
991 5883 78 67 geit

130 6007 99 37 kimdig
247 6014 28 25 of
288 6014 228 34 maatschappelijk
535 5982 534 97 o^^^^^

431 6058 502 83 Kr_SfA
933 6046 78 66 4
1026 6085 30 26 g°-

130 6118 89 27 seliike
243 6124 87 21 hnli_„
591 6138 6 7 ,
802 6116 102 22 werden
920 6116 65 26 twee
1003 6124 50 21 pau-

131 6126 222 66 schielnïëst
415 6132 26 57 l
442 6142 8 17 a
448 6142 34 52 var
480 6172 8 21 1
500 6143 58 51 f'r
559 6138 81 56 aakt:,
646 6143 31 25 de
693 6145 61 26 één°
771 6149 104 34 r,*ellie
893 6151 112 34 h«tgeen
1023 6163 31 25 ge-

133 6194 47 26 het
196 6194 110 30 konciUe
339 6169 129 61 LanT,
634 6180 83 30 kwam
735 6187 27 24 te
778 6189 148 33 overlijden,
935 6191 135 35 hangende

133 6230 143 27 munikatie
293 6222 54 41 la\u
380 6209 168 61 Ztlile,
600 6227 117 44 a*^™
719 6223 51 26 11™
789 6228 76 31 °Pin
879 6229 80 26 welke
967 6233 85 25 exkom-

131 6268 187 35 tegenstelling
346 6282 14 18 v
363 6286 15 15 a
378 6287 18 17 n
420 6252 102 56 /^f
539 6254 78 27 ™«*
633 6255 87 31 bedrei
723 6261 41 33 °d-
894 6272 176 25 sententiaem

136 6308 81 31 welke
235 6308 93 25 zonder
345 6315 91 26 verder
451 6294 97 51 hTslnit
743 6308 61 19 eene
822 6305 247 35 «kommunikatie,

136 6346 91 37 dellijk
242 6346 94 33 gevolg
352 6347 22 25 is
391 6351 46 26 der
451 6322 208 63 K^K?
681 6335 58 57 -'f
749 6340 37 52 F
800 6347 38 43 T
839 6343 60 32 kea>
917 6345 154 28 hetonnÜd-

168 6385 119 33 Omtrent
304 6385 31 26 de
344 6385 135 34 eigenlijke
487 6393 148 32 beteekeni_
646 6376 93 50 .f*
750 6377 193 37 handelinSei»-

136 6430 67 32 schil
224 6433 50 21 van
291 6424 130 34 gevoelen.
455 6399 126 61 Son_mï
582 6445 15 18 a
598 6410 93 51 "'l™
794 6416 107 30 bedoeld
911 6422 60 25 stuk
978 6422 24 26 is
1010 6431 46 18 ver-

135 6470 124 33 taansche
275 6463 145 37 dagbladen
437 6478 32 5 -
485 6467 126 39 beweren,
627 6480 46 27 dat
690 6458 104 51 he/T
798 6507 8 2 _
874 6458 32 26 de
924 6459 130 28 ultramon-

136 6514 74 34 tigde
235 6503 146 33 beteekenis
399 6503 87 31 heeft,
504 6506 63 26 daar
582 6509 46 26 het
646 6523 45 20 een
707 6500 87 48 aantal
907 6507 58 18 Z6er

137 6522 148 66 wLrtegen
307 6550 107 31 vroeger
430 6542 234 33 exkommunikatie
681 6527 197 69 w^S
880 6535 53 51 11?
953 6581 6 14 ,
1064 6561 6 11 '

141 6589 142 31 ,auesti
544 6586 89 24 noemt
657 6595 28 19 ze
704 6594 15 25 a
723 6602 13 18 c
759 6568 77 54 S
901 6574 25 56 t
991 6586 79 44 en„~

137 6631 48 28 het
209 6628 72 34 stuk,
298 6633 71 24 mser
384 6631 53 28 nog
452 6621 63 28 door
530 6618 50 28 den
596 6627 73 24 vorm
685 6627 52 27 dan
750 6631 59 32 doo.
828 6618 181 52 a~£F*?
1025 6614 45 30 ***

136 6666 183 37 _ild*_agsshe
346 6661 163 37 bevestiging
533 6666 31 19 en
580 6658 176 41 hernieuwing
772 6670 22 27 l,
811 6674 46 30 der
874 6653 194 52 bXimlT.

137 6709 52 25 vu
210 6711 112 24 ...m._,
339 6698 48 35 XV
405 6702 59 37 Mn
482 6700 85 31 Co«a
582 6692 145 41 So*l_».,
748 6705 79 33 w.lk,
843 6685 176 73 Ldert^feö
1038 6689 32 67 £

1104 1306 167 35 rggeeringen
1297 1305 102 26 zooveel
1419 1305 87 25 verzet
1524 1305 67 25 vond
1612 1312 31 17 en
1659 1304 86 25 sedert
1765 1300 118 33 (behalve
1900 1303 26 25 te
1944 1302 94 27 Rome:

1101 1345 139 26 Memoires
1257 1354 50 18 van
1325 1344 130 33 Consalvi)
1467 1344 38 27 als
1514 1343 107 34 feitelijk
1632 1351 54 25 opg.
1697 1342 83 28 heven
1789 1342 78 26 wierd
1878 1338 161 31 beschouwd.

1134 1384 56 26 Ook
1207 1385 52 25 wat
1276 1384 107 26 hiervan
1400 1384 21 26 is
1437 1384 41 26 zal
1496 1384 104 32 blijken.

1134 1423 69 26 Voor
1220 1423 46 26 liet
1283 1423 103 33 overige
1402 1433 32 17 en
1450 1423 45 26 ten
1512 1423 79 26 slotte
1609 1423 50 26 kan
1676 1421 47 28 het
1733 1420 117 30 wellicht
1857 1420 51 35 rijn
1916 1420 50 28 nut
1972 1419 50 30 heb-

1100 1461 50 27 ben
1169 1463 26 25 te
1214 1462 159 32 herinneren,
1391 1462 46 26 dat
1455 1462 54 25 niet
1527 1462 48 26 alle
1594 1462 165 25 katholieken
1782 1469 46 17 van
1847 1459 136 35 mogelijke
1994 1460 30 22 In-

1100 1501 96 27 sluiten
1221 1509 48 18 van
1297 1501 44 26 het
1367 1501 111 26 koncilie
1496 1501 119 33 -ernstige
1643 1500 211 33 moeielijkhedcu
1877 1499 163 25 verwachten

1100 1548 64 18 voor
1180 1541 32 25 de
1228 1541 150 26 katholieke
1396 1541 175 32 reg.-ringen.

1134 1580 57 26 Aan
1215 1580 32 26 de
1273 1579 180 34 theologische'
1467 1577 33 41 fa]
1655 1580 126 26 Mimcheu
1799 1577 102 28 werden
1919 1577 47 27 mdi

1101 1618 64 27 door
1170 1618 32 32 d.
1213 1618 130 27 beiei_che
1354 1625 58 26 rege
1566 1629 20 15 v
1598 1626 97 26 vragen
1701 1618 163 33 voorgelegd,
1877 1625 22 19 ra

1098 1657 118 25 koncilie.
1253 1658 35 32 Zij
1316 1658 110 32 ontving
1450 1658 65 26 twee
1532 1658 183 27 antwoorden,
1734 1657 45 26 één
1799 1664 48 17 van
1866 1657 30 25 de
1913 1655 111 28 meerder-

1098 1695 69 31 heid;
1183 1695 46 27 één
1248 1704 51 17 van
1316 1695 32 26 do
1371 1696 168 25 minderheid.
1566 1696 78 25 Beide
1664 1696 111 24 stukken
1792 1695 50 31 zijn
1858 1696 28 22 te
1902 1694 94 25 vinden
2013 1693 28 25 in

1098 1733 30 25 de
1146 1733 116 25 bekende
1279 1734 172 31 verzameling
1468 1741 48 17 van
1535 1734 84 24 Stilke
1636 1741 31 15 en
1685 1740 47 17 van
1750 1731 115 32 Muyden
1883 1739 31 18 en
1932 1730 32 25 de
1975 1730 52 25 slot-

1098 1778 52 18 som
1175 1778 48 18 van
1248 1769 46 26 het
1319 1770 123 31 gevoelen
1466 1770 45 25 der
1528 1769 163 26 minderheid
1708 1769 69 26 luidt
1793 1769 89 24 aldus:
1912 1768 125 25 //Daaruit

1098 1808 79 30 volgt,
1195 1807 53 28 dat,
1259 1807 48 24 ook
1325 1807 26 25 al
1371 1807 102 25 werden
1489 1808 63 22 door
1569 1807 45 24 het
1631 1806 157 26 aanstaande
1805 1805 111 26 koncilie
1933 1805 32 25 de
1976 1804 50 25 stel-

1097 1845 86 31 lingen
1208 1852 51 17 van
1284 1844 50 25 den
1351 1844 120 33 Syllabus
1489 1844 128 26 verheven
1632 1844 41 25 tot
1691 1841 254 34 geloofswaarheden
1963 1850 31 18 en
2013 1841 25 26 al

1097 1883 69 26 werd
1182 1881 46 28 het
1246 1883 93 34 dogma
1356 1883 172 35 afgekondigd
1546 1883 46 27 der
1609 1880 206 30 onfeilbaarheid
1831 1890 51 18 van
1892 1881 48 27 den
1951 1891 33 18 ex
1991 1890 31 19 ca-

1097 1925 92 26 thedra
1207 1924 158 34 sprekenden
1382 1932 72 26 paus,
1469 1925 128 26 daardoor
1613 1925 45 26 het
1676 1926 84 25 status
1776 1932 48 25 quo
1841 1923 123 26 tusschen
1976 1922 63 26 kerk

1097 1971 32 20 en
1144 1964 71 27 staat
1231 1964 56 26 niet
1303 1972 47 19 zou
1365 1964 167 27 veranderen.
1557 1964 54 27 Een
1628 1963 178 34 noodzakelijk
1822 1963 94 34 gevolg
1926 1962 113 27 daarvan

1098 2011 46 19 zou
1169 2008 52 24 niet
1246 2004 50 33 zijn
1320 2004 31 28 de
1378 2004 54 28 leer
1450 2011 74 19 eener
1545 2011 51 19 van
1613 2004 59 26 God
1688 2003 157 27 verordende
1861 2000 176 35 heerschappij

1097 2052 51 19 van
1163 2043 50 26 den
1228 2052 65 25 paus
1310 2050 60 19 over
1387 2043 31 26 de
1436 2043 156 26 monarchen
1610 2053 31 17 en
1658 2043 175 32 regeeringen,
1854 2042 66 26 noch
1939 2041 50 26 ook
2009 2041 31 25 de

1098 2080 52 28 leer
1175 2092 50 17 van
1251 2082 48 26 den
1325 2082 164 34 goddelijken
1514 2091 141 26 oorsprong
1672 2082 45 27 der
1736 2082 169 33 persoonlijke
1923 2088 31 18 en
1972 2080 67 27 reële

1098 2121 190 26 immuniteiten
1306 2130 51 18 van
1375 2121 30 26 de
1422 2122 204 33 geostelijkheid.
1652 2121 125 27 Evenmin
1795 2130 46 18 zou
1852 2120 135 27 daarmede
1998 2127 30 25 ge-

1098 2161 79 33 paard
1195 2169 66 26 gaan
1280 2170 60 18 eene
1358 2161 170 34 verandering
1544 2161 28 26 in
1587 2161 46 27 het
1650 2160 217 33 volksonderwijs,
1878 2167 63 19 voor
1950 2166 92 20 zoover

1098 2199 98 27 betreft
1213 2200 31 25 do
1261 2199 189 34 betrekkingen
1466 2202 122 25 tusschen
1605 2200 64 25 kerk
1687 2207 31 18 en

1131 2239 57 27 Ook
1205 2239 31 26 de
1253 2239 130 27 meerdere
1400 2241 28 25 of
1442 2241 113 26 mindere
1570 2238 128 35 juistheid
1714 2248 50 17 van
1781 2238 39 26 dit
1837 2237 123 33 gevoelen
1978 2236 48 27 ech-

1098 2280 41 25 ter
1163 2280 85 33 hangt
1272 2280 28 26 af
1324 2288 48 18 van
1387 2280 46 26 het
1457 2278 136 27 antwoord
1613 2287 32 25 op
1663 2278 30 26 de
1711 2284 87 26 vraag,
1818 2277 28 26 of
1867 2276 30 27 de
1913 2276 130 26 besluiten

1098 2319 85 26 zullen
1208 2319 105 27 worden
1339 2327 124 25 genomen
1481 2319 27 26 in
1525 2319 50 26 den
1599 2324 73 19 vorm
1696 2317 39 26 als
1759 2317 64 26 door
1840 2316 58 27 dien
1919 2316 124 32 schrijver

1100 2360 85 26 wordt
1204 2359 157 26 ondersteld.

1131 2398 35 26 Te
1185 2399 58 25 dien
1260 2398 105 26 aanzien
1383 2398 72 26 heeft
1472 2406 58 17 men
1547 2396 77 25 thans
1641 2402 51 26 nog
1711 2402 78 26 geene
1808 2395 30 25 de
1850 2395 93 25 minste
1956 2394 73 26 zeker-

1098 2437 61 25 heid
1176 2446 32 17 en
1226 2438 96 25 slechts
1339 2437 52 24 min
1413 2437 30 24 of
1455 2444 69 17 meer
1541 2434 138 33 duidelijke
1698 2434 191 32 aanwijzingen.

1208 2474 150 27 intusschen
1371 2474 50 27 .het
1437 2480 184 26 aangevangen
1628 2473 58 33 jaar
1696 2472 47 27 ook
1755 2472 27 26 in
1793 2472 39 26 dit
1848 2472 104 34 opzicht
1965 2479 78 25 moge

1098 2515 130 33 brengen,
1253 2515 40 32 wij
1318 2516 74 22 staan
1420 2515 59 24 vast
1502 2520 100 25 genoeg
1619 2512 26 25 in
1664 2512 44 25 het
1726 2512 89 32 gelont'
1830 2519 48 18 aan
1896 2512 31 25 de
1951 2510 93 27 kracht

1100 2554 45 27 der
1162 2554 164 33 beginselen,
1352 2552 40 26 die
1410 2561 48 18 aan
1476 2551 31 26 de
1527 2551 211 33 hedendaagsche
1756 2551 61 28 orde
1835 2558 51 20 van
1904 2551 80 26 zaken
2001 2551 44 25 ten

1098 2594 142 33 grondslag
1258 2594 103 33 liggen,
1385 2601 41 18 om
1443 2593 26 26 te
1488 2591 103 26 kunnen
1609 2590 177 33 voorspellen,
1805 2591 46 26 dat
1870 2590 57 27 elke
1945 2589 98 38 aanval,

1101 2642 50 17 van
1175 2634 80 25 welke
1280 2633 65 33 zijde
1371 2631 65 31 ook,
1461 2630 97 26 slechts
1583 2630 170 33 gelegenheid
1770 2637 83 26 geven
1869 2630 40 26 zal
1925 2630 41 26 tot
1984 2639 59 17 eene

1100 2673 105 26 nieuwe
1221 2672 144 33 zegepraal.

1326 2773 476 40 BUITENLAND.

1398 2882 350 41 Duitschland.

1133 2949 231 31 FRANKFORT,
1390 2953 15 21 2
1424 2949 58 25 Jan.
1511 2950 8 30 (
1528 2949 70 25 Part.
1617 2949 90 31 Korr.)
1734 2949 54 24 Ten
1805 2947 109 33 gevolge
1931 2954 50 18 van
1998 2944 46 27 het

1100 2981 136 26 uitstellen
1253 2982 46 25 der
1315 2981 155 34 benoeming
1486 2989 50 18 van
1553 2989 46 18 een
1616 2981 116 26 nieuwen
1750 2981 94 34 gezant
1866 2987 48 19 aan
1932 2980 46 26 het
1988 2978 43 26 Sak-

1100 3014 83 25 sische
1202 3014 59 31 hof,
1283 3024 45 15 zoo
1345 3014 81 26 meldt
1443 3022 59 18 men
1519 3014 43 33 mij
1580 3015 39 25 uit
1637 3008 145 37 München,
1802 3014 72 25 heeft
1893 3021 57 18 men
1968 3012 65 26 aller-

1102 3046 33 24 lei
1154 3047 219 32 onderstellingen
1391 3047 136 31 gemaakt,
1547 3047 27 25 üi
1591 3047 116 25 verband
1723 3048 53 24 met
1795 3046 30 25 de
1976 3045 57 33 poli-

1101 3077 63 25 tiek.
1196 3078 60 24 Men
1276 3078 71 25 heeft
1364 3078 125 31 beweerd,
1508 3080 46 24 dat
1572 3079 26 25 in
1616 3079 31 25 de
1665 3079 139 26 hoofdstad
1821 3087 51 17 van
1889 3078 51 26 den
1952 3077 78 27 noord-

1101 3107 136 25 duitschen
1254 3110 70 24 bond
1341 3110 90 32 eenige
1447 3111 213 38 geheimzinnige,
1678 3120 72 15 maar
1759 3112 60 24 toch
1830 3115 26 22 te
1866 3111 178 26 ontraadselen

1101 3138 119 22 woorden
1238 3146 86 15 waren
1341 3141 151 28 gesproken,
1512 3143 63 21 wier
1591 3143 148 22 beteekenis
1756 3143 90 31 hierop
1869 3143 177 25 nederkwani:

1100 3165 46 26 dat
1170 3167 107 26 Beieren
1306 3175 66 25 geen
1406 3170 94 31 gezant
1526 3178 70 17 meer
1613 3171 128 25 behoorde
1759 3174 26 24 te
1802 3174 98 25 zenden
1920 3183 64 17 naar
2001 3175 43 26 het

1100 3197 129 24 Saksische
1253 3198 53 24 hof.
1339 3200 48 22 Dit
1413 3202 83 22 moest
1513 3202 144 30 natuurlijk
1675 3202 26 24 in
1719 3202 113 25 verband
1851 3207 74 20 staan
1944 3208 52 22 met
2015 3207 30 24 de

1100 3228 164 35 betrekking,
1281 3230 98 26 waarin
1398 3230 97 27 Saksen
1515 3231 58 26 zich
1591 3229 131 38 geplaatst
1739 3234 51 26 ziet
1808 3234 41 26 tot
1869 3231 117 34 Pruisen,
1995 3234 48 27 d.i.

1101 3270 126 26 ongeveer
1245 3263 38 27 als
1304 3273 45 19 een
1375 3266 73 26 vazal
1473 3267 43 25 tot
1532 3267 50 32 zijn
1599 3266 125 28 leenheer.
1752 3267 70 26 Voor
1838 3267 50 26 alle
1906 3267 137 32 dergelijke

1101 3295 164 37 beweringen
1280 3299 31 31 is,
1328 3307 64 18 naar
1410 3299 43 34 mij
1470 3307 52 19 van
1540 3300 66 33 goed
1622 3300 142 34 ingelichte
1775 3301 63 33 zijde
1857 3301 84 26 wordt
1961 3309 71 19 verze-

1101 3330 79 33 kerd,
1206 3339 65 26 geen
1296 3332 83 34 grond
1403 3332 177 34 hoegenaamd
1609 3335 137 32 aanwezig.
1782 3333 38 30 De
1844 3335 89 31 eenige
1952 3335 76 26 reden
2041 3357 4 7 ,

1103 3365 79 26 welke
1200 3361 31 31 de
1248 3366 97 26 nieuwe
1367 3366 155 34 benoeming
1538 3367 71 26 heeft
1626 3369 145 38 vertraagd,
1782 3370 22 25 is
1815 3378 48 17 vun
1879 3369 165 27 fiftantieelen

1102 3398 69 26 aard.
1205 3399 60 25 Men
1281 3400 86 24 neemt
1385 3399 26 26 in
1433 3402 164 33 overweging
1615 3402 28 25 of
1657 3402 46 25 het
1720 3402 57 27 niet
1794 3402 164 32 wensehelijk
1977 3403 28 31 zij
2019 3404 26 24 te

1102 3432 109 32 achten,
1238 3432 45 26 dat
1307 3432 31 26 de
1355 3435 105 31 gezant,
1476 3433 34 34 bij
1528 3433 47 27 het
1592 3435 48 26 hof
1654 3435 152 26 teDresden
1824 3435 221 32 geakkrediteerd,

1102 3467 87 24 tevens
1206 3465 94 32 gelijke
1318 3467 118 25 funktié'n
1453 3468 33 31 bij
1505 3475 46 17 een
1567 3468 79 25 ander
1664 3468 47 24 hof
1724 3468 40 24 zal
1785 3472 165 24 waarnemen,
1965 3471 64 20 waar-

1102 3497 61 26 door
1180 3496 40 26 uit
1237 3498 50 24 den
1304 3498 61 24 aard
1383 3498 46 25 der
1444 3498 64 25 zaak
1518 3507 61 17 eene
1589 3498 198 30 aanmerkelijke
1795 3498 138 30 besparing
1943 3504 61 17 voor
2014 3500 30 21 «te

1102 3528 130 25 briersche
1266 3528 128 25 schatkist
1419 3529 39 24 zal
1480 3529 104 22 worden
1609 3528 148 30 verkregen.
1792 3528 54 24 Een
1861 3528 97 24 besluit
1974 3528 70 24 heeft

1361 3560 63 22 .zien
1441 3566 52 24 .K>g
1512 3559 21 24 ni
1691 3566 22 17 n.

1134 3588 70 26 Voor
1221 3589 90 31 eenige
1329 3589 84 31 dagen
1430 3589 50 25 heb
1496 3588 27 25 ik
1543 3596 17 17 u
1577 3588 115 34 gemeld,
1708 3588 46 25 dat
1770 3587 31 26 de
1817 3586 100 27 nieuwe
1926 3587 117 26 minister

1102 3628 50 17 van
1176 3615 115 31 binnenl.
1313 3620 80 26 zaken
1410 3621 27 25 in
1467 3620 109 27 Beieren
1597 3628 61 19 eene
1676 3620 191 34 aanschrijving
1883 3620 53 26 had
1952 3627 77 27 gezon-

1103 3653 47 27 den
1169 3661 48 19 aan
1235 3653 30 27 de
1286 3653 159 35 plaatselijke
1475 3653 183 30 autoriteiten,
1687 3653 104 35 waarbij
1820 3653 70 28 werd
1915 3653 130 37 gevraagd

1103 3694 60 20 eene
1181 3687 97 34 opgaaf
1293 3687 156 27 Betreffende
1457 3686 51 27 den
1515 3687 98 33 uitslag
1632 3689 45 26 der
1687 3689 105 34 jongste
1801 3687 184 39 verkiezingen
1994 3696 50 19 van

1103 3719 74 27 leden
1193 3728 51 19 van
1261 3719 31 27 de
1311 3720 222 32 gemeenteraden,
1550 3719 90 33 welke,
1665 3720 78 35 gelijk
1769 3720 32 27 de
1825 3719 69 27 lezer
1922 3719 59 28 zich
2004 3719 41 27 zal

1104 3754 163 31 herinneren,
1289 3752 137 35 allerwege
1441 3754 28 26 in
1478 3761 58 19 zeer
1551 3752 125 28 liberalen
1694 3754 40 27 zin
1743 3754 51 33 zijn
1802 3752 170 32 uitgevallen,
1982 3752 61 26 zelfs

1104 3793 70 19 waar
1191 3785 32 26 de
1239 3784 182 35 verkiezingen
1437 3793 64 19 voor
1518 3785 50 27 den
1592 3787 113 31 landdag
1730 3785 98 27 slechts
1851 3780 145 32 klerikalen
2014 3793 30 18 en

1103 3817 86 27 hunne
1208 3819 223 32 geestverwanten
1452 3826 32 26 op
1500 3817 47 27 het
1554 3817 94 28 kussen
1658 3817 100 27 hebben
1769 3817 133 34 gebracht.
1920 3816 48 26 Die
1980 3824 48 19 aan-

1104 3849 141 32 schrijving
1261 3850 100 25 hebben
1388 3850 31 25 de
1443 3850 158 32 patriotsehe
1629 3850 146 32 dagbladen
1802 3848 176 32 onmiddellijk
2004 3849 40 24 tot

1104 3882 86 26 thema
1208 3889 124 24 genomen
1358 3891 50 18 van
1424 3881 100 27 allerlei
1541 3881 196 34 hatelijkheden
1755 3891 31 17 en
1804 3880 141 27 daarmede
1952 3880 51 33 zijn
2013 3880 31 39 zjj

1104 3914 145 32 gedurende
1280 3914 182 26 verscheidene
1495 3914 84 32 dagen
1603 3914 193 31 onafgebroken
1814 3913 86 32 bezig,
1926 3914 54 25 met
2006 3907 39 31 dit

1104 3946 89 32 eenige
1211 3946 184 31 onderscheid,
1429 3946 47 25 dat
1518 3946 31 25 de
1580 3947 63 24 toon
1669 3945 125 33 dagelijks
1828 3945 102 26 minder
1963 3952 65 24 voeg-

1104 3986 86 22 zaam,
1218 3979 155 32 ongepaster
1403 3978 22 25 is
1457 3978 146 32 geworden.
1638 3978 35 31 Zij
1691 3972 102 32 hebben
1809 3978 59 26 dien
1900 3977 143 33 maatregel

1104 4011 163 32 u—g.—reten
1286 4010 39 26 als
1341 4018 51 18 van
1407 4010 187 26 inkwisitoiren
1611 4005 78 34 aard,
1707 4010 39 26 als
1763 4010 119 26 leidende
1893 4010 40 24 tot
1951 4010 30 24 de
2002 4016 28 27 ge-

1104 4043 60 26 hate
1183 4043 135 33 instelling
1335 4050 51 18 van
1403 4042 113 34 geheime
1535 4043 219 32 konduitelijsten.
1772 4043 57 25 Van
1844 4042 50 25 alle
1904 4042 64 25 hout
1978 4042 50 24 heb-

1104 4076 50 25 ben
1175 4075 30 25 de
1222 4076 211 25 ultramontanen
1450 4075 169 25 timmerhout
1639 4075 137 31 gemaakt,
1795 4082 72 17 maar
1884 4072 107 33 hetgeen
2013 4075 30 27 v-ij

1104 4107 100 26 hebben
1231 4107 128 34 gebouwd
1375 4107 22 25 is
1413 4114 30 18 er
1457 4107 54 25 niet
1528 4107 109 24 hechter
1654 4114 32 17 en
1702 4106 100 25 sterker
1819 4104 64 25 door
1899 4106 143 31 geworden.

1104 4141 51 25 Zoo
1172 4140 22 25 is
1209 4140 47 25 het
1274 4141 48 24 ook
1339 4141 54 24 met
1413 4139 60 26 deze
1492 4137 204 32 beschuldig—g.
1714 4137 38 24 De
1769 4136 150 32 aanleiding
1935 4137 43 24 tot
1998 4137 45 24 het

1104 4172 123 25 afzenden
1252 4172 46 25 der
1320 4170 124 26 bedoelde
1469 4169 137 26 cirkulaire
1631 4168 131 25 verklaart
1787 4169 31 24 de
1843 4168 64 25 zaak
1932 4175 32 26 op
1988 4168 43 25 vol-

1104 4204 98 26 doende
1219 4204 79 32 wijze.

1137 4237 39 28 Bij
1202 4235 31 24 de
1250 4234 181 31 verkiezingen
1446 4241 50 17 van
1515 4232 73 26 leden
1605 4239 63 19 voor
1685 4232 30 25 de
1733 4232 220 33 gemeenteraden,
1972 4232 67 25 heeft

1104 4267 31 24 de
1154 4263 106 30 liberale
1278 4266 76 32 partij
1372 4265 84 26 schier
1475 4265 136 32 allerwege
1628 4265 54 25 met
1698 4265 151 32 overgroote
1867 4263 175 28 meerderheid

1104 4299 31 24 de
1155 4306 60 26 zege
1233 4293 118 30 behaald.
1370 4298 38 32 Bij
1427 4297 31 26 de
1472 4297 105 33 jongste
1594 4297 178 31 verkiezingen
1791 4304 63 17 voor
1870 4296 47 24 den
1929 4296 115 32 landdag

1104 4331 71 25 heeft
1193 4337 73 22 men,
1291 4337 34 17 na
1342 4330 162 30 ongehoorde
1521 4329 157 32 kuiperijen,
1696 4329 31 24 de
1743 4328 125 25 klerikale
1889 4329 74 30 partij
1982 4337 60 17 eene

1104 4363 104 32 geringe
1235 4361 176 27 meerderheid
1436 4361 56 25 zien
1517 4359 117 27 behalen.
1669 4358 46 27 Uit
1736 4359 58 26 dien
1812 4359 93 26 hoofde
1923 4359 71 27 heeft
2011 4362 31 26 de

1104 4395 135 33 regeertng
1256 4395 45 22 het
1317 4394 56 22 niet
1389 4401 48 15 van
1456 4394 94 30 belang
1567 4393 119 25 ontbloot
1703 4393 100 35 geacht,
1815 4400 39 18 om
1865 4394 26 22 te
1900 4395 84 22 weten
1994 4395 48 24 boe

1104 4428 32 24 de
1161 4426 110 35 partijen
1287 4424 26 24 in
1330 4423 50 25 den
1397 4422 103 27 boezem
1508 4423 46 25 der
1563 4422 142 33 bevolking
1711 4423 27 25 in
1748 4423 191 33 werkelijkheid
1952 4426 41 26 tot
2003 4424 26 27 el-

1104 4457 98 25 kander
1220 4457 81 24 staan.

1137 4488 56 26 Met
1209 4486 201 33 belangstelling
1427 4486 51 25 ziet
1493 4494 59 15 men
1569 4486 47 24 het
1631 4486 129 26 resultaat
1776 4495 50 17 van
1848 4487 39 25 dit
1912 4488 130 27 statistiek

1106 4519 142 27 onderzoek
1272 4519 144 34 tegemoet;
1442 4517 104 26 daaruit
1571 4517 40 26 zal
1635 4518 98 33 blijken
1757 4519 28 26 of
1804 4520 30 26 de
1853 4520 141 28 klerikale,
2013 4521 30 28 de

1106 4552 254 26 ultramontaansche
1377 4550 145 33 dagbladen
1539 4550 47 25 het
1603 4551 74 25 recht
1694 4552 100 25 hebben
1813 4553 25 22 te
1856 4552 125 30 beweren,
2000 4553 43 28 dat

1106 4585 30 32 zij
1154 4584 30 26 de
1202 4585 65 25 stem
1285 4584 44 26 des
1345 4583 72 26 volks
1435 4590 91 30 mogen
1534 4581 96 33 geacht
1638 4583 111 30 worden,
1760 4584 83 25 ofwel
1852 4584 45 26 dat
1906 4585 31 33 zij
1946 4585 96 30 slechts

1106 4624 60 19 eene
1182 4617 171 32 betrekkelijk
1365 4616 83 27 kleine
1459 4613 159 26 minderheid
1630 4615 45 25 der
1683 4616 71 25 natie
1763 4616 278 39 vertegenwoordigen.

1136 4650 53 24 Ten
1207 4649 78 25 slotte
1303 4644 52 38 nóg
1371 4657 47 18 een
1435 4648 60 25 kort
1512 4646 102 25 bericht
1630 4646 157 26 betretiende
1806 4657 46 15 een
1878 4657 58 19 zeer
1961 4659 65 25 onge-

1104 4681 92 33 lukkig
1213 4681 112 25 voorval.

1137 4714 35 25 Te
1191 4713 143 32 Straubing
1349 4714 72 25 heeft
1434 4713 48 26 den
1491 4711 176 26 voorlaatstcn
1683 4710 52 33 dag
1752 4720 50 17 van
1819 4711 47 26 het
1891 4713 151 37 afgeloopen

1104 4744 57 33 jaar
1178 4753 45 17 een
1243 4746 133 32 vreeselijk
1395 4744 86 26 onheil
1500 4744 85 33 plaats
1602 4743 100 32 gehad;
1720 4743 141 25 omstreeks
1871 4744 45 26 het
1925 4748 99 33 middag-

1106 4786 48 17 uur
1173 4786 50 18 van
1239 4778 50 26 den
1304 4780 91 25 30sten
1413 4778 142 26 December
1571 4775 131 32 ontstond,
1719 4776 45 25 ten
1780 4776 109 32 gevolge
1915 4787 48 18 van
1983 4789 59 15 eene

1106 4811 41 24 tot
1162 4809 84 26 heden
1265 4811 149 26 onbekende
1433 4809 116 30 oorzaak,
1570 4809 80 26 brand
1669 4809 26 25 in
1713 4808 30 25 de
1761 4808 146 32 gasfabriek
1933 4813 26 26 te
1988 4812 54 28 dier

1104 4841 80 26 stede.
1218 4841 39 27 De
1273 4844 128 25 vlammen
1421 4841 86 26 deelde
1526 4843 56 25 zich
1598 4843 71 25 mede
1688 4850 47 18 aan
1756 4841 47 25 den
1830 4845 126 26 voorraad
1982 4853 60 26 gas;

1104 4874 28 26 in
1149 4883 47 18 een
1213 4876 124 32 oogwenk
1355 4876 126 32 ontplofte
1500 4876 32 26 de
1548 4874 145 26 brandbare
1710 4883 91 22 massa,
1819 4874 46 27 het
1873 4878 112 30 ganscho
1995 4886 32 25 ge-

1106 4907 76 24 bouw
1207 4907 78 32 vloog
1310 4907 27 27 in
1363 4907 31 24 de
1419 4907 74 25 lucht
1509 4916 32 17 en
1559 4907 24 25 al
1602 4909 30 25 de
1651 4916 123 24 personen
1794 4909 91 25 daarin
1902 4911 141 25 werkzaam

1107 4938 100 27 werden
1225 4939 107 33 gedood.
1368 4939 39 33 Op
1422 4948 47 18 een
1486 4948 57 18 zeer
1559 4942 110 32 grooten
1685 4938 103 31 afstand
1796 4946 51 21 van
1856 4939 32 30 de
1897 4941 67 40 plek,
1974 4951 69 19 waar

1107 4980 106 25 vroeger
1231 4972 30 25 de
1278 4972 146 32 gasfabriek
1443 4972 83 31 stond,
1545 4974 102 25 werden
1663 4972 31 26 de
1711 4974 168 31 verbrijzelde
1898 4972 144 31 ledematen

1106 5003 133 32 gevonden
1257 5004 46 25 der
1319 5003 174 32 ongelukkige
1511 5006 162 25 werklieden.
1690 5006 53 25 Het
1761 5006 104 26 behoeft
1873 5008 41 25 ter
1924 5016 102 18 nauwer-

1106 5035 67 27 nood
1193 5035 104 33 gezegd,
1316 5036 45 25 dat
1377 5044 50 18 aan
1443 5036 46 26 het
1506 5036 110 34 gebouw
1633 5046 67 30 geen
1717 5040 72 25 steen
1817 5047 32 25 op
1874 5040 48 26 den
1950 5042 92 25 andere

1106 5068 22 26 is
1143 5068 133 33 gebleven.
1310 5068 56 26 Hoe
1383 5070 77 31 groot
1475 5069 32 25 de
1525 5070 94 25 schade
1637 5069 30 31 is,
1684 5072 66 24 weet
1767 5079 59 17 men
1847 5080 53 24 nog
1916 5073 63 25 niet.

1137 5159 86 25 Onder
1239 5159 32 24 de
1287 5159 144 28 wonderen,
1449 5159 40 25 die
1509 5166 63 18 onze
1585 5160 120 25 moderne
1723 5161 94 24 wereld
1834 5163 71 25 heeft
1923 5164 104 30 voortge-

1107 5189 99 28 bracht,
1225 5190 105 24 behoort
1348 5190 87 30 stellig
1453 5190 27 24 in
1496 5190 30 24 de
1544 5192 81 21 eerste
1643 5191 92 31 plaats,
1753 5193 74 24 naast
1843 5192 31 26 de
1883 5193 158 31 lokomotief,

1106 5218 31 26 de
1161 5219 155 25 elektrische
1341 5219 131 33 telegraaf
1485 5220 27 26 te
1527 5220 103 26 worden
1639 5215 132 40 genoemd.
1789 5224 60 33 Nog
1859 5226 71 25 won.'.

1106 5250 74 33 lijker
1195 5251 22 26 is
1234 5251 31 26 de
1281 5251 180 35 telegrafische
1482 5254 129 30 snelheid,
1628 5255 142 28 waarmede
1787 5256 56 27 zich
1860 5257 31 26 de
1909 5257 132 35 telegrafie

1106 5283 26 25 in
1156 5291 57 18 zeer
1235 5284 93 27 korten
1352 5287 50 34 tijd
1427 5287 72 27 heeft
1524 5288 165 28 ontwikkeld.
1720 5290 70 26 Geen
1806 5290 169 39 hinderpalen
1993 5301 48 18 van

1106 5316 94 27 ruimte
1217 5317 50 34 zijn
1283 5319 83 28 heden
1382 5321 45 26 ten
1443 5320 65 35 dage
1526 5321 46 27 zóó
1589 5322 84 33 groot,
1689 5322 30 26 of
1727 5322 30 26 de
1767 5322 130 35 telegraaf
1900 5321 51 30 kan
1963 5334 30 18 en
2002 5326 39 27 zal

1106 5359 27 18 ze
1160 5353 170 27 overwinnen.
1365 5354 63 27 Was
1455 5355 47 26 het
1519 5355 81 26 water
1618 5355 28 26 in
1663 5348 50 34 den
1728 5356 111 33 beginne
1858 5359 47 25 ook
1923 5355 57 28 hier
1996 5359 45 27 het

1106 5385 162 38 vijandelijke
1285 5386 117 33 element,
1419 5388 148 32 waartegen
1585 5388 30 26 de
1624 5388 104 26 mensch
1741 5389 26 26 te
1779 5389 107 34 strijden
1896 5391 58 28 had,
1964 5392 77 25 thans

1107 5417 48 34 zijn
1180 5418 31 27 de
1235 5418 80 27 baren
1337 5420 54 26 niet
1409 5420 90 33 langer
1517 5420 167 33 slagboomen
1701 5428 61 19 voor
1780 5421 50 27 den
1846 5424 195 33 magnetischen

1107 5452 104 25 stroom.
1237 5452 67 25 Over
1323 5452 31 25 de
1372 5453 98 28 kabels,
1487 5453 40 25 die
1545 5453 133 32 Engeland
1696 5456 53 24 mot
1769 5454 46 25 bet
1833 5457 136 25 vasteland
1985 5465 43 17 ver-

1106 5481 96 28 binden
1212 5504 5 9 ,
1241 5484 122 26 verbaast
1382 5485 57 26 zich
1455 5485 120 26 niemand
1592 5492 77 19 meer.
1696 5485 50 33 Wij
1765 5486 50 33 zijn
1840 5487 113 28 daaraan
1969 5490 72 26 reeds

1108 5523 105 22 gewoon
1233 5517 116 32 geraakt,
1368 5517 38 26 als
1422 5525 50 19 aan
1488 5518 50 25 iets
1556 5518 45 25 dat
1617 5525 52 19 van
1684 5518 53 26 zelf
1752 5520 110 31 spreekt,
1879 5530 34 17 nu
1931 5523 45 25 het
1994 5531 47 17 aan

1107 5544 48 28 den
1165 5548 246 32 Anglo-amerikaan
1421 5550 91 33 gelukt
1520 5550 77 28 is.het
1607 5550 65 26 oude
1682 5551 137 26 kontinent
1827 5562 50 17 aan
1885 5554 46 26 het
1942 5554 99 27 nieuwe

1107 5580 165 33 telegrafisch
1291 5583 26 24 te
1337 5582 156 31 verbinden,
1511 5582 93 32 terwijl
1620 5583 48 25 ook
1685 5583 137 33 Frankrijk
1839 5585 53 27 met
1903 5585 32 27 de
1943 5585 98 30 nieuwe

1107 5611 93 27 wereld
1219 5613 63 27 door
1304 5622 46 18 een
1368 5615 201 26 onderzeeschen
1577 5614 77 26 kabel
1663 5611 137 37 vereenigd
1808 5617 28 25 is.
1847 5619 105 27 Weldra
1963 5620 39 26 zal
2011 5620 30 26 de

1106 5644 131 39 telegraaf
1243 5647 287 26 naarNoord-Amerika
1543 5655 63 17 voor
1624 5655 45 18 ons
1681 5656 45 18 eon
1744 5657 63 17 even
1817 5652 164 31 alledaagsch
1988 5661 40 18 ver-

1107 5678 119 31 schijnsel
1233 5679 110 31 worden,
1351 5679 38 26 als
1398 5688 33 17 nu
1439 5679 30 27 de
1474 5679 184 28 kanaalkabels
1667 5681 72 26 reeds
1748 5681 61 34 lang
1818 5683 133 32 zijn.Maar
1958 5686 50 26 ook
2015 5687 26 25 te

1107 5706 61 31 land
1176 5712 102 26 hebben
1296 5712 30 26 de
1343 5713 143 25 uitvinders
1493 5721 51 17 van
1552 5713 98 25 nieuwe
1658 5714 142 32 telegrafen
1811 5717 54 25 niet
1874 5719 44 24 stil
1929 5720 112 28 gezeten.

1107 5743 53 26 Het
1180 5744 156 27 alleroudste
1352 5744 87 26 stelsel
1450 5745 22 25 is
1481 5753 45 18 zoo
1535 5745 66 32 goed
1611 5745 38 25 als
1658 5746 152 32 afgeschaft,
1821 5757 31 17 en
1861 5748 30 26 de
1902 5750 100 34 schrijf-
2011 5759 30 17 en

1108 5776 210 34 druktelegrafen
1336 5777 102 26 worden
1454 5777 30 25 of
1492 5778 48 32 zijn
1550 5777 136 38 allerwege
1694 5779 145 32 ingevoerd.
1858 5781 67 26 Kene
1936 5783 104 26 verdere

1107 5809 106 26 schrede
1228 5810 40 25 zal
1285 5818 58 17 men
1359 5817 52 24 nog
1428 5810 26 25 te
1463 5810 65 26 doen
1546 5809 100 27 hebben
1656 5818 26 18 m
1700 5811 31 27 de
1747 5811 163 30 konstruktie
1926 5815 45 26 der
1980 5816 50 26 tele-

1107 5841 98 32 grafen.
1239 5842 39 26 De
1303 5841 187 35 ondervinding
1507 5842 72 26 heeft
1604 5842 118 33 geleerd,
1748 5844 45 26 dat
1813 5845 31 26 de
1867 5849 174 31 magnetische

1108 5874 96 25 stroom
1220 5882 32 24 op
1270 5875 50 25 den
1336 5875 92 25 bodem
1444 5883 50 17 van
1512 5875 47 25 den
1577 5883 93 18 oceaan
1687 5877 162 27 volmaakter
1864 5888 31 17 en
1911 5881 130 25 zuiverder

1107 5904 21 26 is
1155 5904 51 28 dan
1226 5914 32 26 op
1276 5907 87 34 eenige
1387 5908 94 26 meters
1506 5907 116 28 afstands
1638 5916 51 19 van
1714 5909 48 26 den
1781 5911 90 33 grond.
1905 5911 86 27 Onder
2011 5914 30 25 de

1107 5937 80 26 baren
1204 5948 32 15 en
1252 5947 32 24 op
1293 5940 40 25 die
1343 5941 163 33 onmetelijke
1515 5941 85 31 diepte
1613 5942 120 25 heerscht
1743 5952 45 17 een
1800 5946 169 31 ongestoorde
1977 5946 64 24 rust.

1107 5969 57 25 Hoe
1180 5972 105 31 grooter
1302 5972 97 26 kalmte
1423 5972 31 26 de
1480 5973 224 32 telegraafdraden
1721 5976 119 31 omgeeft,
1859 5976 43 25 des
1918 5978 26 25 te
1970 5976 71 26 beter

1108 6009 61 18 voor
1187 6004 31 25 de
1234 6002 144 34 isoleering.
1413 6004 61 27 Men
1491 6005 79 25 zoude
1586 6005 47 26 dus
1652 6007 154 34 gerechtigd
1824 6009 48 31 zijn
1891 6018 40 17 om
1949 6018 48 17 aan
2015 6009 26 25 te

1107 6040 99 24 nemen,
1218 6034 45 25 dat
1272 6034 31 25 de
1311 6035 171 33 verandering
1491 6045 50 15 van
1551 6037 31 25 de
1594 6038 196 34 tegenwoordig
1804 6040 139 26 bestaande
1956 6041 71 25 lucht-

1107 6065 145 33 telegrafen
1264 6066 27 26 in
1309 6067 202 27 onderaardse!—
1528 6069 96 26 slechts
1649 6078 50 19 van
1723 6072 139 33 gunstigen
1877 6072 103 27 invloed
1995 6080 46 18 zou

1108 6098 105 26 kunnen
1237 6098 51 33 zijn
1304 6107 33 25 op
1361 6100 31 25 de
1416 6100 136 33 geregelde
1578 6104 163 34 overseining
1766 6113 50 18 van
1835 6105 141 27 berichten.
2009 6105 32 26 In

1109 6131 122 31 sommige
1247 6133 91 28 groote
1354 6132 90 25 steden
1460 6133 50 25 b.v.
1526 6135 106 25 Londen
1649 6144 31 17 en
1697 6138 113 32 Berlijn,
1838 6138 105 26 bestaan
1969 6138 72 25 reeds

1109 6161 202 30 onderaardsche
1354 6164 204 33 telegraaflijnen
1598 6175 32 26 op
1662 6168 86 27 kleine
1787 6169 102 32 schaal,
1924 6178 31 18 en
1980 6169 61 26 daar

1108 6194 74 25 heeft
1214 6202 58 18 men
1305 6196 105 26 kunnen
1442 6196 183 30 konstateeren
1658 6201 106 26 hoeveel
1795 6202 76 26 beter
1891 6203 31 31 zij
1942 6203 99 24 werken

1108 6224 51 26 dan
1178 6224 40 24 die
1235 6226 83 26 boven
1337 6228 50 25 den
1402 6229 91 31 grond.
1509 6229 115 27 Behalve
1641 6231 30 26 de
1682 6233 132 33 storingen
1833 6242 50 18 van
1898 6234 91 25 buiten
2007 6233 34 30 af,

1109 6256 61 26 door
1186 6257 113 25 stormen
1316 6267 32 18 en
1364 6259 177 35 windvlagen,
1566 6261 41 28 die
1624 6263 61 27 toch
1697 6274 46 18 oen
1761 6265 221 28 belemmerenden
1996 6265 30 26 in-

1109 6291 73 24 vloed
1200 6291 105 24 oefenen
1324 6299 32 24 op
1375 6292 31 25 de
1422 6294 137 33 geregelde
1577 6296 116 33 werking
1702 6298 45 26 der
1755 6299 150 33 telegrafen,
1913 6299 24 25 is
1944 6299 45 25 het
1997 6305 30 25 ge-

1110 6322 91 24 bleken
1219 6322 46 24 dat
1281 6322 31 24 de
1329 6322 138 33 isoleering
1482 6325 80 25 onder
1578 6327 32 25 de
1629 6330 168 34 oppervlakte
1807 6331 46 26 der
1861 6331 85 28 aarde,
1956 6330 48 26 ook
2013 6330 27 25 in

1110 6360 104 24 gewone
1231 6353 97 31 tijden,
1345 6353 40 26 die
1402 6354 85 26 boven
1502 6356 50 27 den
1570 6353 99 38 grond,
1694 6370 72 18 verre
1782 6363 133 25 overtreft.
1950 6363 52 24 Het
2017 6361 22 24 is

1109 6385 47 26 du
1160 6385 15 26 3
1176 6392 54 18 zeer
1247 6385 31 26 de
1294 6392 89 26 vraag,
1401 6385 28 26 of
1441 6386 46 26 het
1504 6389 56 25 niet
1576 6391 46 25 der
1637 6392 94 26 moeite
1748 6394 89 25 waard
1846 6394 78 25 zoude
1931 6393 58 31 zijn,
1998 6400 41 18 om

1108 6417 46 26 het
1169 6417 208 34 tegenwoordige
1394 6418 86 26 stelsel
1496 6419 219 34 langzamerhand
1731 6425 30 26 af
1774 6426 26 26 te
1818 6425 111 28 breken,
1946 6419 31 32 én
1994 6431 45 20 een

1107 6457 85 19 nieuw
1208 6451 110 31 systeem
1337 6458 50 19 van
1403 6451 203 30 onderaardsche
1632 6457 143 33 telegrafen
1800 6458 26 25 in
1851 6458 47 26 het
1922 6457 73 26 leven
2011 6457 27 24 te

1107 6489 102 26 roepen.
1226 6483 64 25 Veel
1306 6490 103 26 opgang
1426 6484 72 25 heeft
1508 6485 74 27 dezer
1591 6488 84 33 dagen
1684 6498 46 18 een
1748 6490 91 31 boekje
1857 6490 128 32 gemaakt,
1994 6489 45 24 dat

1107 6521 28 19 m
1161 6514 31 26 de
1217 6514 118 28 duitsche
1357 6513 57 30 taal
1429 6516 138 28 verscheen
1584 6528 31 18 en
1632 6529 61 19 eene
1710 6522 255 33 wetenschappelijke
1984 6521 43 25 toe-

1108 6546 112 34 lichting
1237 6548 77 25 bevat
1330 6555 50 19 van
1396 6548 60 26 deze
1473 6550 180 33 telegrafische
1670 6555 189 31 omwenteling.
1886 6555 53 25 Het
1956 6554 21 26 is
1995 6560 30 24 ge-

1107 6579 79 25 titeld
1196 6588 5 15 :
1226 6581 78 25 Ueber
1319 6581 40 24 die
1385 6581 216 34 Nothwendigkeit
1623 6588 46 22 der
1694 6587 133 31 Anlegung
1839 6587 200 25 unlerirdischer

1110 6609 249 35 Tilegraphenlinien
1376 6615 98 31 speciell
1491 6618 28 22 in
1534 6615 87 34 Bezug
1639 6620 54 26 auf
1706 6618 269 27 Nord-Deutschland
1984 6635 5 12 ,
2007 6624 32 18 en

1107 6647 22 19 is
1146 6648 34 18 nu
1198 6643 96 27 slechts
1311 6651 61 20 voor
1389 6645 31 26 de
1436 6644 34 33 by
1489 6646 31 26 de
1537 6647 132 33 telegrafie
1687 6650 141 25 werkzame
1845 6656 124 22 personen
1983 6654 43 19 ver-

1108 6672 138 33 krijgbaar;
1264 6672 97 30 weldra
1376 6673 40 28 zal
1431 6672 46 30 het
1494 6677 90 28 echter
1599 6679 50 26 ook
1665 6685 63 20 voor
1742 6678 47 27 het
1806 6679 118 31 grootere
1933 6678 104 33 publiek

1107 6704 178 39 Jerkrggbaar
1307 6704 104 30 worden
1435 6705 109 37 gesteld.
1578 6709 39 27 De
1632 6709 137 34 schrijver,
1795 6706 41 32 die
1853 6709 64 34 zijne
1935 6716 85 27 opmer-

1107 6733 94 33 kingen
1219 6733 96 37 grondt
1331 6744 32 27 op
1381 6744 60 21 eene
1456 6737 154 35 langdurige
1628 6739 125 32 -v-rinf.
1769 6739 41 25 _»t
1818 6738 27 27 in
1854 6745 48 26 »_n
1912 6738 124 33 geschrift

2076 1302 169 32 breedvoerig
2269 1302 86 25 uiteen
2367 1322 5 9 ,
2401 1304 97 25 waarin
2518 1304 30 26 de
2565 1305 208 27 bovenaardseho
2790 1303 142 35 telegrafen
2950 1312 64 18 voor

2076 1333 32 25 de
2126 1332 201 40 qnderaardeche
2355 1335 155 28 onderdoen.
2543 1338 44 33 Hij
2615 1338 67 33 wijst
2700 1345 32 26 op
2747 1338 113 26 stormen
2878 1345 31 18 en
2927 1336 70 28 moed-

2076 1365 150 34 willigheid.
2254 1368 38 25 I>e
2303 1369 123 30 schrijver
2435 1369 70 32 geeft
2515 1371 51 28 toe,
2576 1365 52 31 'dat
2637 1372 14 22 et
2660 1378 7 19 3
2678 1371 80 26 eerste
2767 1371 93 30 aanleg
2870 1371 45 24 der
2924 1371 76 24 onder-

2078 1398 123 27 aardsche
2216 1400 207 37 telegraaflijnen
2441 1402 120 26 kostbaar
2571 1403 28 28 is,
2617 1410 71 20 maar
2696 1404 45 25 het
2750 1403 130 26 meerdere
2890 1402 124 34 kapitaal,

2078 1433 45 27 dat
2141 1431 126 28 daarvoor
2285 1436 84 24 wordt
2387 1435 130 33 uitgegen,
2535 1436 51 25 kan
2596 1444 56 18 mon
2670 1443 58 20 _eer
2737 1435 109 34 spoedig
2852 1436 44 26 red
2911 1440 103 26 icceren,

2076 1472 119 20 wanneer
2213 1473 57 19 men
2288 1467 113 25 bedenkt
2418 1467 104 26 hoevele
2538 1468 70 25 berst
2613 1469 109 30 --dingen
2735 1475 32 19 en
2776 1467 200 34 verbeteringen
2982 1467 47 38 de;

2078 1496 202 35 teleg—_fpalen
2298 1508 30 15 en
2347 1498 30 27 de
2395 1500 96 33 daarop
2507 1500 107 34 gelegde
2635 1500 94 26 draden
2748 1501 155 30 vereischen,
2920 1496 110 37 terwijl'

2078 1531 31 25 de
2126 1530 201 28 onderaardsch,
2346 1532 130 35 telegraaf
2492 1533 195 34 waarschijnlijk
2700 1526 145 34 eednretide
2854 1532 162 33 zeerlangen

2078 1564 48 33 tijd
2151 1564 79 26 zoude
2255 1565 104 26 kunnen
2386 1565 100 25 werken
2513 1566 81 24 alvov-.
2611 1560 22 31 ':•
2656 1566 86 30 eenige
2771 1566 126 34 reparatie
2919 1565 97 34 noodig

2079 1599 27 22 te
2124 1598 109 24 hebben.

2112 1630 38 26 De
2167 1632 91 24 auteur
2275 1631 69 31 geeft
2363 1630 87 32 eenige
2469 1630 120 24 interes-.'
2757 1630 58 25 Iden
2825 1637 48 18 van
2883 1630 32 26 de
2924 1629 77 26 „echt-

2078 1662 60 25 heid
2156 1670 38 17 val
2428 1662 84 24 water.
2550 1661 48 24 Een
2624 1661 90 27 kabel,
2739 1662 41 24 die
2798 1662 25 22 in
2844 1664 61 22 1853
2923 1661 24 24 in
2966 1661 48 25 den

2079 1695 59 28 h'ijn
2156 1695 69 24 werd
2242 1700 54 30 SJB—
2298 1693 34 33 gd
2353 1694 32 30 bij
2405 1693 115 25 Keulen,
2545 1693 51 25 had
2623 1694 57 25 toen
2696 1693 26 25 in
2743 1696 61 24 1867
2822 1691 144 37 opgehaald
2985 1702 31 15 en

2076 1726 91 30 geheid
2185 1724 64 35 gaaf
2264 1724 137 24 bevonden.
2426 1723 156 25 Denzelfden
2600 1724 96 30 uitslag
2715 1726 65 22 vond
2798 1730 57 18 men
2874 1724 33 31 bij
2924 1723 91 26 kabels

2076 1755 26 25 te
2120 1755 105 31 Berlijn,
2250 1754 145 30 München,
2414 1761 53 19 enz.
2493 1754 54 27 Een
2565 1754 184 28 onderaanlsch
2767 1749 247 37 teleg—ifeh-stelsel

2076 1793 64 18 voor
2156 1782 289 34 Nóord-Duitschland,
2463 1788 81 25 zoude
2561 1791 45 27 6i_
2624 1787 112 27 millioen
2753 1786 99 25 thalers
2869 1785 100 25 kosten.

2378 1909 307 2 Oostenrijk.

2108 1936 39 26 De
2172 1933 200 33 oostenrijksche
2406 1938 194 31 geestelijkheid
2619 1938 71 26 heeft
2706 1938 56 25 zich
2797 1938 61 26 door
2876 1937 61 25 hare
2957 1936 43 25 hal-

2078 1969 156 31 starrigheid
2258 1970 77 28 tegen
2361 1965 39 26 de'
2409 1970 143 33 erkenning
2578 1971 45 26 der
2634 1974 67 30 faits
2718 1974 136 30 accomplis
2871 1969 72 26 reeds
2959 1968 57 25 vide

2079 1997 276 41 onaangenaamheden
2373 2008 31 27 op
2422 2002 50 26 den
2491 2003 57 26 hals
2565 2003 117 33 gehaald,
2701 2010 31 18 «'ii
2750 2003 45 25 het
2813 2004 21 24 is
2851 2004 27 22 te
2897 2000 118 30 voorzien

2079 2033 44 27 dat
2141 2028 28 35 zij
2190 2037 51 26 nog
2258 2030 54 26 veel
2330 2030 27 28 te
2376 2033 80 33 lijden
2474 2036 102 26 hebben
2594 2036 45 28 zal,
2656 2043 119 19 wanneer
2793 2036 28 30 zij
2836 2035 54 25 niet
2901 2033 115 32 wijselijk

2080 2067 46 25 den
2144 2062 149 37 ingeslagen
2311 2072 58 24 weg
2387 2067 100 26 verlaat
2504 2076 32 18 en
2552 2076 46 18 een
2615 2068 92 27 andere
2724 2068 100 25 taktiek
2842 2067 98 30 begint.
2978 2066 37 32 Hij

2080 2099 30 25 de
2135 2096 106 32 onlangs
2268 2095 136 33 gehouden
2428 2099 98 28 feesten
2552 2101 26 26 in
2598 2101 30 26 de
2644 2101 73 26 beide
2735 2100 98 26 helften
2852 2099 44 26 der
2914 2098 87 26 oosten-

2080 2130 285 34 rijksati-hongaarsche
2382 2133 148 27 monarchie
2548 2134 70 26 heeft
2635 2134 28 33 zij
2683 2133 84 27 weder
2781 2141 45 17 een
2838 2132 73 26 recht
2921 2139 79 20 onaan-

2081 2169 103 31 gename
2209 2161 116 33 houding
2349 2170 183 27 aangenomen.
2567 2167 64 25 Hier
2654 2166 61 33 gold
2731 2166 45 26 het
2793 2173 46 18 een
2858 2165 85 26 zuiver
2960 2172 43 25 per-

2081 2194 105 32 soonlijk
2206 2194 64 31 iets,
2288 2194 50 25 den
2346 2196 178 35 geboortedag
2532 2199 44 26 des
2593 2199 103 26 keizers.
2724 2199 67 25 Deze
2809 2196 207 32 omstandigheid

2082 2225 61 32 deed
2161 2226 86 26 echter
2265 2235 26 17 in
2309 2226 64 26 haar
2391 2237 51 25 oog
2458 2231 69 26 niets
2543 2232 41 27 af,
2609 2239 31 19 en
2665 2232 31 26 de
2721 2230 176 27 rechtbanken
2914 2228 100 27 hebben

2082 2258 211 32 onderscheidene
2313 2258 209 38 wëderspannige
2539 2264 119 33 priesters
2676 2271 47 19 aan
2741 2263 54 25 hun
2813 2263 81 32 plicht
2914 2264 102 22 moeten

2082 2293 158 31 herinneren,
2258 2291 64 26 door
2337 2291 52 26 hen
2406 2295 27 25 te
2450 2297 181 26 veroordeelcn
2646 2304 103 26 wegens
2764 2295 133 34 oproerige
2914 2295 56 26 taal
2985 2303 31 18 en

2081 2323 256 38 majesteitschei—.is.

2374 2407 345 47 Zwitserland.

2114 2474 38 30 De
2177 2476 90 33 groote
2291 2472 61 27 raad
2372 2481 51 19 van
2439 2477 46 26 het
2503 2478 97 27 kanton
2616 2480 54 32 Zug
2686 2479 72 26 heeft
2774 2492 31 5 —
2823 2477 46 27 dus
2887 2474 80 27 meldt
2986 2473 28 28 de

2083 2511 72 25 Ne-ue
2183 2510 81 30 Z.uijer
2288 2507 105 31 Zeitung
2411 2523 32 5 —
2467 2518 32 25 op
2516 2512 50 25 den
2582 2515 89 26 2?sten
2687 2512 45 26 der
2748 2511 87 33 vorige
2854 2507 93 27 maand

2085 2541 143 37 algemeene
2244 2541 124 25 stemmen
2386 2539 132 35 besloten,
2544 2552 41 19 om
2607 2554 47 18 aan
2672 2545 116 26 rechters
2804 2551 32 18 en
2852 2541 163 33 rechterlijke

2083 2575 135 27 beambten
2237 2574 47 24 den
2302 2571 51 26 last
2369 2570 26 27 té
2408 2583 85 28 geven
2505 2597 5 8 ,
2536 2577 45 26 dat
2597 2587 60 18 voor
2673 2578 46 25 het
2737 2577 104 33 vervolg
2856 2584 65 25 geen
2937 2575 65 33 pijni-

2083 2607 203 35 ging-middelen
2314 2610 69 20 meer
2406 2607 28 26 in
2451 2610 148 33 toepassing
2614 2620 91 25 mogen
2722 2610 103 26 worden
2836 2609 125 33 gebracht
2974 2608 41 25 tot

2402 2647 30 17 •ie
2450 2641 156 27 bekentenis.

2115 2674 37 26 De
2171 2673 112 30 treurige
2301 2669 63 26 zaak
2381 2679 51 19 van
2448 2675 32 26 de
2496 2675 120 33 pijnbank
2628 2678 25 24 te
2663 2676 54 32 Zug
2725 2675 72 26 heeft
2805 2674 102 26 zooveel
2916 2681 99 25 opgang

2082 2706 128 34 gemaakt,
2235 2705 46 25 dat
2303 2702 77 25 thans
2396 2704 132 37 algemeen
2545 2708 141 26 onderzoek
2711 2707 83 26 wordt
2810 2707 98 32 gedaan
2926 2707 25 24 ol
2967 2700 48 30 ook

2082 2748 51 25 nog
2143 2747 26 18 in
2178 2738 93 26 andere
2282 2734 86 26 deelen
2379 2735 45 30 des
2434 2740 74 26 lands
2523 2743 48 25 iets
2581 2750 48 18 van
2639 2740 40 27 die
2687 2739 183 33 overheerlijke
2882 2738 120 32 overblijf-

2082 2773 69 25 selen
2170 2779 46 17 van
2243 2774 119 25 vroegere
2388 2778 104 20 eeuwen
2516 2773 110 26 bestaat.
2643 2774 38 25 De
2698 2773 187 25 IVintcrllüirer
2897 2772 118 24 Landes-

2082 2805 106 30 Zeilung
2204 2802 72 26 komt
2293 2807 34 18 nu
2344 2803 54 24 met
2415 2804 32 27 de
2464 2805 97 34 tijding
2577 2813 61 19 voor
2655 2805 50 27 den
2720 2805 66 32 dag,
2803 2803 46 25 dat
2867 2802 48 26 ook
2931 2802 28 26 in
2968 2800 47 27 Uri

2085 2838 31 26 de
2133 2835 122 35 pijnbank
2272 2841 51 24 nog
2340 2832 104 31 bestaat
2460 2845 30 19 en
2509 2846 66 19 soms
2590 2839 84 25 wordt
2691 2836 162 34 aangewend.

2115 2884 30 4 —
2164 2863 159 32 Betreffende
2350 2865 30 25 de
2404 2869 113 34 gisteren
2535 2872 64 26 door
2614 2880 46 18 ons
2675 2867 194 33 medegedeelde
2883 2867 118 33 jezuïten-

2083 2898 216 37 aangelegenh'dd
2316 2897 26 26 te
2360 2898 77 34 Baar,
2454 2903 56 26 valt
2519 2913 51 25 nog
2578 2906 26 25 te
2617 2903 115 26 melden,
2750 2895 45 31 dat
2803 2900 32 25 de
2851 2898 150 35 regeerings-

2083 2936 61 26 raail
2164 2935 26 27 te
2207 2935 60 30 Zug,
2285 2930 61 26 door
2365 2930 31 26 de
2421 2935 187 34 burgerpetitie
2626 2934 136 34 plotseling
2777 2933 105 25 wakker
2895 2934 120 31 geschud,

2083 2976 45 19 een
2154 2962 287 38 middernachtszitting
2465 2968 136 33 gehouden
2617 2968 85 30 heeft,
2727 2973 39 18 om
2786 2966 26 22 te
2830 2965 185 34 beraadslagen

2085 3004 50 24 wat
2152 3008 27 19 er
2197 2998 89 27 diende
2302 2999 25 22 te
2346 2999 104 30 worden
2467 3001 105 38 gedaan.
2590 3002 57 25 Aan
2663 3001 30 26 de
2711 2996 86 37 politie
2816 2996 26 26 te
2861 2998 66 26 Baar
2937 2998 21 26 is
2966 2993 33 30 be-

2086 3035 39 25 vel
2141 3040 112 31 gegeven
2264 3051 5 11 ,
2295 3037 40 17 om
2353 3028 32 25 de
2401 3034 110 32 noodige
2529 3034 168 32 inlichtingen
2712 3031 26 25 te
2754 3030 159 33 verkrijgen;
2931 3031 83 25 wordt

2086 3063 169 31 het'b.'richt
2278 3063 112 26 omtrent
2417 3065 31 26 de
2472 3067 97 26 statiën
2595 3067 44 26 der
2660 3064 111 35 je»uiten
2797 3063 150 32 bevestigd,
2965 3063 51 25 dan

2085 3100 71 27 heeft
2171 3099 31 33 zij
2218 3104 64 21 voor
2297 3094 45 27 dat
2359 3097 76 31 geval
2451 3099 27 26 in
2494 3099 52 28 last
2562 3100 104 26 verdere
2682 3094 209 35 onwettigheden
2908 3094 45 26 der
2966 3102 33 26 pa-

2086 3137 52 24 ters
2154 3133 78 31 tegen
2248 3132 27 22 te
2291 3135 74 26 gaan.

2396 3241 291 2 Frankrijk.

2118 3268 38 25 De
2172 3270 77 25 reden
2261 3279 47 17 van
2327 3268 28 26 de
2366 3268 159 34 vertraging,
2535 3270 79 26 welke
2631 3269 30 26 de
2686 3268 194 33 samenstelling
2903 3274 51 18 van
2970 3266 46 27 het

2086 3300 102 28 nieuwe
2197 3298 269 32 ministerie-Ollivier
2476 3302 178 26 ondervonden
2662 3300 78 31 heeft,
2758 3301 84 25 wordt
2859 3308 45 18 ons
2914 3299 63 26 door
2986 3299 30 26 de

2088 3337 89 25 Palrie
2193 3333 187 37 medegedeeld.
2413 3332 74 27 Twee
2505 3335 74 26 leden
2595 3344 50 18 van
2660 3334 45 26 het
2730 3332 272 28 ministerie-Forcade
3012 3353 5 11 ,

2085 3367 40 26 die
2141 3369 27 25 in
2186 3369 45 26 het
2248 3366 142 30 ministerie
2406 3365 110 27 Ollivier
2531 3369 93 32 zitting
2640 3366 94 27 zouden
2752 3366 109 31 hebben,
2888 3366 51 33 (wij
2957 3374 45 17 ver-

2086 3400 171 27 onderstellen
2275 3402 46 25 dat
2337 3400 30 26 de
2385 3399 92 26 heeren
2494 3399 93 33 Magne
2606 3410 45 17 een
2668 3400 44 25 der
2725 3399 91 26 beiden
2825 3403 61 27 was)
2906 3398 96 28 bedach-

2085 3433 44 26 ten
2145 3433 58 26 zich
2219 3443 32 24 op
2268 3433 46 27 het
2330 3435 94 25 laatste
2444 3433 144 32 oogenblik,
2604 3433 167 25 verklaarden
2796 3431 103 27 bunnen
2917 3432 99 27 wensch

2085 3474 39 15 om
2143 3467 54 24 zich
2216 3467 78 30 terug
2309 3468 26 22 te
2353 3465 109 26 trekken
2479 3475 30 15 en
2526 3458 111 32 raadden
2656 3465 47 22 den
2718 3464 61 25 heer
2786 3463 109 27 Ollivier
2902 3471 50 18 san
2960 3464 56 24 zich

2082 3497 26 21 te
2127 3497 105 22 wenden
2257 3497 43 22 tot
2324 3497 31 20 de
2380 3496 168 28 invloedrijke
2574 3495 71 24 leden
2663 3501 48 15 van
2738 3494 44 22 het
2806 3493 208 27 llnkercontrum.

2083 3527 73 22 Twee
2176 3533 84 21 wegen
2606 3523 50 26 vier
2673 3531 33 17 nu
2724 3531 72 22 open.
2828 3526 41 30 Hij
2900 3529 48 19 kon
2967 3526 48 28 zijn

2082 3555 94 32 geduld
2197 3556 132 26 verliezen,
2348 3563 31 18 en
2396 3555 155 27 ontevreden
2569 3562 60 20 over
2647 3555 30 26 de
2693 3555 130 30 aarzeling
2848 3549 28 28 en
2903 3555 96 22 wankel-

2081 3588 165 33 moedigheid
2262 3595 50 19 van
2328 3588 51 33 zijn
2395 3588 200 33 ambtgenooten
2613 3587 47 27 den
2685 3585 83 28 keizer
2784 3583 167 27 mededeelen,
2968 3583 44 25 dat

2082 3621 35 33 hij
2130 3621 30 26 de
2169 3621 98 34 poging
2275 3617 80 39 opgaf
2362 3630 41 18 om
2412 3628 46 19 een
2467 3621 141 26 ministerie
2617 3621 25 24 te
2652 3626 110 20 vormen,
2776 3617 27 25 in
2811 3615 65 26 welk
2885 3615 74 32 geval
2968 3614 45 26 het

2083 3650 105 32 vormen
2197 3663 51 19 van
2265 3663 45 19 een
2328 3653 107 28 kabinet
2453 3652 197 34 waarschijnlijk
2667 3658 46 19 zou
2725 3647 100 27 worden
2851 3647 162 33 opgedragen

2083 3694 48 18 aan
2141 3687 45 26 dat
2196 3687 35 26 lid
2242 3694 50 19 van
2301 3689 46 25 het
2354 3686 89 33 vorige
2451 3686 149 28 ministerie,
2614 3680 237 32 welksplotselinge
2868 3681 129 31 gewetens-

2085 3718 132 28 bezwaren
2228 3719 30 27 de
2265 3719 77 26 krisis
2350 3718 124 33 verlengd
2483 3717 109 31 hadden,
2608 3712 28 30 of
2644 3713 33 32 h.
2695 3712 58 32 kon,
2771 3711 194 27 vertrouwende
2981 3718 31 27 op

2085 3751 30 26 de
2126 3751 233 28 vaderlandsliefde
2368 3759 32 19 en
2409 3751 45 26 het
2471 3746 168 33 staatkundig
2647 3745 94 26 inzicht
2751 3751 48 19 van
2809 3745 46 26 het
2870 3745 126 26 hnkercen-

2083 3784 78 31 trum,
2171 3785 54 25 met
2235 3784 112 26 hetwelk
2356 3784 35 32 hrj
2402 3783 84 27 steeds
2496 3790 32 26 op
2536 3788 57 20 zeer
2601 3777 278 32 vriendschappclnken
2895 3777 58 25 voet
2970 3784 28 30 ge-

2083 3815 92 27 bloven
2185 3824 59 22 was,
2254 3823 83 26 pogen
2347 3823 45 19 een
2401 3816 91 32 geheel
2500 3815 83 27 nieuw
2591 3809 138 28 ministerie
2739 3809 26 24 te
2773 3815 112 21 vormen,
2900 3809 52 25 met
2960 3810 39 24 uit-

2083 3849 109 33 sluiting
2202 3856 47 19 van
2261 3843 50 32 alle
2321 3849 65 26 oude
2395 3849 151 26 elementen,
2568 3841 106 30 behalve
2683 3840 73 31 ajti.id
2766 3847 50 19 van
2826 3841 128 26 ministers
2963 3847 48 19 van

2083 3881 90 32 oorlog
2184 3889 30 18 en
2224 3882 105 28 marine,
2349 3880 61 26 wier
2419 3880 144 32 aanblijven
2572 3875 87 27 buiten
2668 3873 105 24 kwestie
2783 3880 27 18 is.
2839 3873 47 25 Tot
2895 3873 38 25 dit
2941 3873 57 25 laat-

2083 3914 39 24 ste
2139 3914 61 31 plan
2218 3914 70 25 heeft
2307 3914 30 24 de
2353 3913 63 24 heer
2432 3907 107 33 Ollhier
2554 3908 130 26 besloten,
2711 3911 31 18 en
2758 3905 197 32 waarschijnlijk
2972 3905 39 24 zal

2083 3944 45 26 het
2143 3945 97 26 nieuwe
2259 3944 106 26 kabinet
2383 3944 106 26 bestaan
2507 3943 40 25 uit
2565 3940 30 26 de
2613 3935 176 27 voornaamste
2805 3935 76 26 leden
2897 3943 48 18 van
2962 3934 50 26 den

2082 3977 81 25 ouden
2176 3977 150 32 tiers-parti.
2336 3976 30 25 de
2375 3976 44 26 hh.
2430 3976 93 28 Buffet,
2533 3969 130 31 Talhoué't,
2682 3967 94 32 begns,
2796 3966 72 27 Daru
2881 3976 53 17 enz.
2949 3966 61 26 Men

2086 4012 72 24 weet,
2171 4010 45 24 dat
2230 4010 46 24 het
2294 4009 142 25 ministerie
2453 4006 131 31 werkelijk
2601 4004 45 24 dus
2661 3999 188 33 samengesteld
2869 4007 31 24 is,
2917 4007 30 18 en
2966 3999 46 26 dat

2083 4041 31 26 de
2137 4042 86 25 Patrie
2241 4041 122 25 derhalve
2379 4041 66 32 goed
2460 4036 125 37 ingelicht
2598 4041 57 20 was.
2862 4063 51 11 _.
2933 4064 6 6 .

2118 4074 53 25 Het
2187 4072 22 26 is
2226 4081 46 17 een
2293 4072 139 32 gelukkigo
2452 4069 178 34 gebeurtenis,
2653 4064 46 24 dat
2715 4064 31 24 de
2781 4064 60 24 heer
2861 4064 106 26 Ollivier
2985 4071 27 19 er

2082 4104 24 25 in
2125 4104 123 32 geslaagd
2264 4104 22 25 is
2303 4104 31 26 de
2352 4104 72 25 leden
2441 4113 48 17 van
2509 4104 47 25 den
2572 4095 139 34 tiers-parti
2728 4102 26 15 in
2772 4103 48 22 zijn
2837 4097 174 25 inimstenete

2082 4139 64 24 doen
2164 4137 98 25 treden.
2296 4137 53 25 Het
2370 4137 21 25 is
2409 4137 60 25 toch
2487 4144 50 18 van
2555 4136 58 25 deze
2628 4128 72 34 fartij
2721 4128 45 21 dat
2791 4128 31 22 de
2838 4129 172 32 interpellatie

2082 4168 44 24 d.i-
2151 4170 41 25 ue
2210 4168 21 24 is
2249 4168 146 33 uitgegaan,
2413 4168 81 26 welke
2511 4168 31 26 de
2559 4159 174 33 ministerieele
2751 4160 201 32 veranderingen
2966 4168 30 17 on-

2081 4201 168 30 vermijdelijk
2268 4201 117 31 maakte,
2402 4209 31 18 en
2459 4201 31 26 de
2510 4191 176 35 meerderheid,
2712 4196 46 18 van
2780 4191 77 26 welk,'
2876 4192 31 28 de
2927 4191 85 28 keizer

2082 4232 92 32 sprak,
2193 4233 142 22 kanalleen
2354 4234 133 30 gevonden
2505 4232 102 25 worden
2624 4227 58 25 door
2699 4224 31 21 de
2751 4225 202 31 samenwerking
2961 4233 48 15 van

2081 4263 45 27 het
2147 4263 170 26 linker-met
2337 4264 46 25 het
2407 4265 226 26 rechtercentnun.
2665 4253 135 32 Frankrijk
2823 4257 60 28 gaat
2908 4264 35 17 nu
2965 4264 46 17 een

2081 4297 98 24 nieuwe
2199 4296 130 25 toekomst
2348 4297 26 24 te
2392 4298 118 30 gemoet,
2528 4296 78 26 onder
2621 4297 44 20 een
2681 4291 81 20 nieuw
2780 4287 229 33 regeermgstelscl,

2081 4336 32 17 en
2131 4328 46 25 het
2193 4329 22 25 is
2241 4329 94 32 noodig
2362 4329 45 24 dat
2440 4329 99 25 nieuwe
2564 4318 161 34 staatslieden
2751 4318 46 22 het
2820 4320 80 25 eerste
2927 4320 70 32 parle-

2080 4361 128 27 mentaire
2224 4361 142 27 ministerie
2385 4361 138 27 uitmaken.
2646 4384 15 8 
2683 4382 4 4 .
2732 4378 7 14 ,
2767 4378 5 7 .

2115 4394 35 26 De
2172 4395 84 26 Revue
2274 4397 44 21 des
2336 4396 76 22 Deux
2430 4395 109 25 Memdes
2555 4384 111 32 oordeelt
2681 4389 26 18 in
2733 4383 44 21 net
2794 4387 116 24 nummer
2927 4393 51 17 van
2998 4388 8 22 1

2082 4426 124 30 Januari,
2225 4427 45 24 dat
2289 4427 46 24 het
2353 4424 31 27 de
2404 4426 81 32 plicht
2503 4433 50 17 van
2569 4422 45 27 het
2629 4414 96 30 linker-
2741 4416 31 20 en
2790 4413 220 30 rechtercentrum

2080 4457 38 31 is,
2138 4467 40 17 om
2196 4459 46 25 het
2257 4457 269 27 ministerie-Ollivier
2542 4459 26 24 te
2588 4454 110 26 steunen,
2715 4446 69 24 loen
2797 4446 32 25 de
2844 4447 164 28 /tewtewerd

2082 4491 152 31 afgedrukt,
2245 4499 52 15 was
2315 4489 31 25 de
2362 4489 195 32 samenstelling
2572 4493 48 19 van
2636 4480 44 28 het
2696 4482 93 19 nieuwe
2810 4482 138 22 ministerie
2960 4488 51 24 nog

2081 4522 56 26 niet
2157 4521 116 32 bekend,
2291 4530 31 18 en
2339 4522 81 25 moest
2445 4521 32 26 de
2494 4521 61 26 heer
2578 4512 102 35 Mazade
2696 4508 98 26 denken
2811 4508 45 25 dat
2874 4511 28 26 de
2921 4519 74 28 pogin-

2081 4561 48 25 gen
2150 4563 48 17 van
2216 4556 50 24 den
2282 4554 61 25 heer
2360 4553 110 26 Ollivier
2485 4554 35 32 bij
2538 4553 31 26 de
2585 4548 72 27 leden
2673 4547 46 20 van
2738 4543 45 22 het
2809 4543 201 28 linkercentrum

2081 4586 107 26 mislukt
2206 4593 94 19 waren.
2647 4607 7 9 ,
2681 4605 5 7 ,
2714 4609 31 8 „„
2770 4610 38 7 ,„„
2963 4606 7 11 ,
3000 4607 5 6 ,

2288 4618 59 33 zegt
2373 4618 32 26 de
2431 4618 100 31 Revue,
2562 4615 59 32 /-zijn
2640 4606 51 30 !het
2714 4603 31 26 de
2770 4609 107 22 mannen
2900 4615 47 18 van
2963 4607 46 26 het

2080 4651 116 28 rechter-
2212 4658 32 19 en
2262 4651 215 27 linkercentrum,
2496 4651 40 24 die
2548 4637 170 45 grootendeels
2726 4635 51 27 den
2784 4637 224 34 tegeriwoo.d.gon

2079 4684 123 26 toestand
2224 4683 168 26 veroorzaakt
2415 4682 117 31 hebben,
2558 4688 31 18 en
2614 4676 38 26 die
2668 4672 139 45 nnnfuiu
2813 4667 45 32 lijk
2875 4671 133 28 gehouden

2081 4717 64 30 zijn,
2164 4724 40 17 om
2229 4715 169 32 gezamenlijk
2419 4716 43 22 tot
2478 4715 46 24 het
2541 4714 94 25 nieuwe
2652 4703 103 27 kabinet
2771 4703 43 22 toe
2830 4703 26 22 te
2875 4703 89 26 treden
2979 4713 30 17 en

2083 4748 46 26 het
2151 4747 99 27 nieuwe
2276 4746 110 34 systeem
2406 4746 27 25 in
2450 4747 26 22 te
2492 4746 98 33 wijden.
2614 4740 34 31 Zij
2663 4731 96 43 fonden
2777 4733 67 22 niets
2862 4734 26 22 te
2904 4742 104 20 vreezen

2081 4780 99 26 hebben
2191 4779 84 32 gehad
2288 4788 47 15 van
2346 4779 30 26 de
2385 4773 252 34 meerderhéid,want
2644 4763 116 32 niemand
2770 4770 46 18 zou
2825 4763 40 26 die
2875 4765 12 25 t
2901 4775 48 24 gen
2960 4767 48 28 hen

2082 4814 98 24 hebben
2191 4811 96 26 durven
2296 4809 242 35 gebruiken.lndien
2546 4808 60 26 toch
2613 4805 28 25 de
2647 4800 130 27 ou.leinea
2784 4796 39 25 «lei
2830 4796 46 25 hei.
2882 4801 128 31 lerepoog.l

2080 4846 52 26 had
2141 4845 56 26 zich
2206 4844 79 26 onder
2295 4852 45 19 een
2347 4844 159 26 reaktionair
2515 4838 106 28 vaandel
2965 4833 45 24 hot

2082 4879 30 26 de
2131 4878 184 33 imperialisten
2334 4878 65 33 zijn,
2417 4877 40 25 die
2472 4876 27 26 in
2516 4874 39 26 dit
2571 4867 71 44 geval
2659 4865 28 25 de
2698 4859 106 28 ontbind
2807 4860 96 33 mg.ler
2903 4896 5 18 |
2915 4865 96 26 Kamer

2081 4919 31 18 en
2131 4918 46 20 een
2197 4911 91 32 beroep
2301 4918 32 17 on
2341 4910 46 25 het
2395 4909 60 25 volk
2464 4894 196 43 onvcnni^dedijk
2668 4892 94 28 zouden
2902 4896 106 27 hebben.

2081 4944 35 27 Er
2141 4944 48 31 zijn
2216 4932 188 44 oogenblikken
2427 4941 27 26 in
2479 4939 45 27 het
2555 4938 72 26 leven
2659 4922 183 58 *JJ*»«
2876 4925 46 31 **
2953 4937 57 18 »U;'»

2082 4977 54 25 niet
2161 4977 48 24 «len
2236 4976 80 30 schijn
2342 4975 70 24 moet
2437 4972 100 25 hebben
2562 4976 47 19 van
2627 4959 170 31 wantrouwen
2816 4958 27 26 te
2858 4958 135 31 koesteren
3005 4984 5 8 ,

2082 5009 45 24 dat
2165 5016 58 15 men
2241 5008 53 22 niet
2311 5006 24 25 al
2349 5008 27 21 te
2394 5006 56 25 veel
2474 5013 31 17 en
2530 5004 26 24 te
2567 4995 106 33 dikwijls
2696 4998 28 18 ac
2745 4990 17 24 t.
2786 4997 21 15 0,
2811 4997 15 17 u
2836 4998 25 18 ,,,
2863 5002 13 12 0
2880 5002 11 9 ,,
2894 4994 11 22 t
2914 5001 33 19 zu
2947 5004 2 7 ,
2953 5003 15 17 n
2979 5003 31 17 en

2080 5040 56 26 niet
2151 5042 70 24 moet
2230 5037 116 28 wachten
2360 5040 39 24 tot
2411 5037 44 26 dat
2463 5036 50 26 alle
2523 5036 126 26 bezwaren
2659 5024 37 26 uit
2705 5023 44 25 der
2764 5029 51 25 »._
2826 5029 12 19 z
2848 5031 27 22 jn
2887 5028 123 28 geruimd.

2082 5074 136 22 Bezwaren
2237 5072 83 24 zullen
2341 5079 27 17 er
2386 5069 72 34 altijd
2477 5069 46 25 wel
2541 5068 47 32 zijn
2597 5069 30 20 en
2639 5066 30 22 Zll
2678 5055 188 27 zullenslechts
2874 5059 119 34 gevawtg-

2081 5102 45 26 ker
2137 5102 109 28 worden,
2262 5111 33 17 nu
2308 5102 58 25 deze
2379 5100 207 32 samensmelting
2595 5101 45 20 van
2650 5088 91 28 Imker-
2750 5093 32 19 en
2790 5094 37 19 re<
2836 5088 172 30 htercentrum

2080 5135 53 24 niet
2152 5135 40 22 tot
2210 5134 74 25 stand
2301 5134 22 24 is
2340 5134 132 31 gekomen.
2491 5133 80 31 (Naar
2588 5134 54 19 nien
2656 5122 61 25 weet
2735 5127 21 17 is
2771 5122 139 32 datnuges

2079 5166 51 24 Tot
2146 5166 46 24 het
2210 5166 93 24 laatste
2322 5165 138 31 oogenblik
2477 5166 43 24 toe
2536 5160 91 32 schijnt
2642 5160 56 20 men
2708 5154 112 26 (terecht
2829 5154 39 24 als
2877 5163 33 17 nu
2931 5157 74 30 dijkt)

2080 5196 112 33 gehoopt
2210 5198 26 22 te
2252 5193 109 33 hebben,
2379 5197 46 25 dat
2441 5198 106 31 eenigen
2563 5194 97 25 hunner
2675 5186 54 24 zich
2747 5186 98 26 zouden
2854 5186 154 32 aansluiten;

2082 5228 81 27 mdien
2184 5229 30 31 zij
2232 5229 139 26 volharden
2392 5229 33 33 bij
2443 5224 163 31 hun'besluit
2622 5226 40 19 om
2674 5224 56 18 zu_
2738 5218 120 25 achteraf
2863 5218 27 25 te
2900 5218 107 33 houden,

2080 5262 50 27 dan
2164 5263 69 25 moet
2257 5271 57 17 men
2347 5262 56 27 niet
2430 5262 165 31 verzwijgen,
2619 5251 44 27 dat
2686 5249 30 25 de
2741 5249 61 25 heer
2829 5250 106 26 Ollivier
2952 5251 57 26 zich

2080 5303 51 18 van
2147 5294 45 28 het
2210 5297 83 25 eerste
2310 5295 137 34 oogenblik
2464 5295 28 25 af
2506 5300 47 20 aan
2569 5290 26 24 in
2613 5293 44 17 •"-'»
2673 5288 52 41 *.?]
2744 5281 129 27 kritieken
2888 5284 119 26 toestand

2079 5328 40 26 zal
2137 5327 141 32 bevinden,
2295 5329 71 25 want
2382 5329 34 32 hij
2435 5328 39 25 zal
2490 5331 48 19 aan
2555 5322 31 25 de
2602 5323 58 19 eene
2676 5313 63 33 zijde
2753 5321 45 18 een
2809 5315 74 25 zeker
2893 5316 113 30 gedeelte

2079 5361 111 26 vanden
2207 5365 142 27 tiers-parti
2366 5361 115 27 hebben,
2498 5356 44 28 dat
2557 5353 31 25 de
2604 5346 98 30 handen
2720 5346 69 26 reikt
2805 5355 48 15 aan
2872 5348 28 24 de
2913 5348 80 26 linker-

2079 5394 80 32 zijde,
2185 5401 31 18 en
2242 5401 48 18 aan
2317 5393 48 26 den
2391 5392 110 26 anderen
2523 5385 63 27 kant
2607 5379 39 26 zal
2660 5375 35 28 hh
2712 5383 48 20 een
2776 5376 117 34 gedeelte
2911 5387 48 20 vaa
2978 5381 28 25 de

2080 5426 167 33 rechterzijde
2264 5426 109 27 hebben,
2389 5426 45 25 dat
2451 5424 65 25 hem,
2533 5418 46 25 den
2596 5419 44 17 e,:n
2675 5412 7 22 t
2700 5426 5 8 .
2718 5409 74 26 nde,e
2797 5420 14 17 n
2830 5412 58 33 ,ia,g.
2907 5413 22 26 al
2940 5421 67 19 ware

2079 5459 46 25 het
2141 5453 96 32 slechts
2254 5459 63 25 door
2334 5459 53 24 niet
2404 5458 26 22 te
2446 5456 136 24 steramen,
2598 5451 26 18 m
2647 5443 345 34 mwielijkhedenlanbren-

2080 5499 57 25 gen.
2154 5492 86 26 Thans
2256 5492 22 25 is
2295 5491 45 26 het
2354 5486 137 38 oogenblik
2498 5479 129 33 Wkcmen
2642 5480 63 20 voor
2722 5474 48 28 den
2779 5476 63 30 heer
2850 5477 110 31 Ollivier
2968 5487 41 22 om

2080 5512 25 37 Te
2115 5526 93 24 toonen
2220 5525 67 30 ofhij
2301 5532 44 15 een
2354 5524 141 25 staatsman
2510 5523 32 20 is.
2559 5511 40 25 d»
2614 5506 96 27 zonder
2725 5509 102 28 wikken
2841 5519 31 19 en
2890 5520 71 19 vrees
2979 5515 31 26 de

2079 5558 92 32 positie
2199 5557 39 25 zal
2264 5556 141 33 ophouden,
2428 5552 39 25 die
2485 5550 33 28 hij
2537 5551 31 24 op
2584 5545 43 19 zoo
2643 5546 22 24 g,
2678 5539 103 35 duldige
2799 5551 70 24 wijze
2888 5554 7 14 «

2080 5590 78 24 heeft.
2180 5589 56 26 Aan
2254 5581 229 33 vastberadenheid
2498 5577 77 32 schijn
2604 5571 45 26 het
2686 5580 39 18 .111
2743 5575 54 24 niet
2815 5576 26 27 te
2857 5577 150 28 ontbreken.

2080 5622 41 27 Hii
2148 5621 93 28 schijnt
2267 5621 53 25 zich
2347 5619 53 25 niet
2424 5617 26 24 te
2473 5613 69 26 laten
2559 5603 176 33 ontmoedigen
2753 5606 63 27 door
2833 5609 30 25 de
2875 5610 53 25 vele
2946 5619 63 18 wei-

2080 5629 236 54 KTwelke
2333 5650 33 27 h«
2386 5649 70 26 heeft
2472 5642 97 28 moeten
2580 5634 171 28 ondervinden
2767 5647 31 17 en
2807 5640 34 33 hij
2854 5641 69 27 heeft
2933 5643 78 27 thans

2079 5657 249 57 Ste'ÏÏ
2346 5659 26 51 t^
2391 5682 71 27 doen,
2477 5668 118 35 namelijk
2617 5666 204 59 het^ministerie
2832 5674 177 37 onmiddellijk

2079 5721 27 22 te
2122 5727 119 20 vormen,
2259 5719 44 22 ten
2321 5715 71 25 einde
2411 5721 47 18 aan
2474 5709 44 26 het
2536 5701 65 30 werk
2617 5701 26 22 te
2661 5708 76 25 gaan,
2754 5712 31 17 en
2805 5714 26 15 111
2849 5706 46 25 het
2910 5714 99 21 nieuwe

2079 5751 59 34 jaar
2152 5750 31 28 d.
2200 5748 139 33 moeielijke
2354 5747 94 32 poging
2464 5745 26 22 te
2507 5737 152 37 wagen,.on»
2676 5734 197 54 op^prakbsche
2890 5740 71 33 wijze
2979 5740 31 27 de

2085 5784 63 30 vrije
2165 5781 165 31 instellingen
2348 5776 84 30 weder
2448 5783 48 19 aan
2512 5766 132 33 VrtOaak
2661 5772 27 19 ™
2705 5773 32 43 f
2738 5773 56 21 ven.

2118 5816 53 25 Ken
2185 5805 124 40 parijscEe
2327 5805 198 37 korrespondent
2542 5806 46 19 van
2607 5794 28 25 de
2653 5794 78 51 &fy
2746 5799 91 32 News,
2855 5800 40 28 die
2914 5803 96 30 slechts

2086 5848 27 26 in
2131 5845 144 28 biizondere
2301 5843 116 31 gevallen
2439 5841 63 31 zijne
2519 5835 115 27 meennig
2650 5836 48 18 aan
2717 5830 39 27 dit
2771 5832 59 26 blad
2849 5833 158 37 mededeelt,

2080 5849 132 65 geepeen
2230 5887 13 18 z
2261 5884 27 19 er
2306 5875 135 30 duidelijke
2458 5878 30 19 en
2506 5864 99 31 heldere
2621 5859 150 57 verkering
2787 5871 50 19 van
2857 5868 48 24 den
2919 5870 76 28 tegen-

2080 5911 146 32 woordigen
2242 5908 126 28 toestand.
2393 5906 39 27 De
2448 5904 90 26 keizer,
2555 5890 118 59 f£^

2080 5954 50 15 van
2147 5944 79 24 zaken
2243 5943 53 24 niet
2315 5939 175 28 belemmeren,
2498 5929 70 30 want
2575 5927 43 35 /U
2634 5928 200 48 fP^toohe.
2868 5930 72 27 heeft
2947 5941 46 19 wei-

2081 5975 44 28 nig
2151 5972 213 32 vooroordeelen,
2382 5969 84 26 neemt
2492 5966 31 25 de
2546 5960 77 27 zaken
2642 5963 45 18 zoo
2705 5959 38 25 als
2760 5968 30 24 zij
2809 5968 65 24 zijn,
2891 5966 54 24 met
2961 5973 46 18 een

2099 6017 72 19 e_ma
2198 6007 57 25 )ialf
2275 5991 193 43 nederïandsch,
2483 5994 59 32 batf
2555 5988 168 57 *%&*>
2824 5993 31 26 de
2872 6002 67 25 man,
2956 6005 51 20 van

2079 6041 66 25 wien
2163 6040 78 24 thans
2256 6038 63 26 alles
2335 6034 119 32 afhangt,
2472 6040 21 17 is
2510 6030 30 25 de
2556 6025 59 26 heer
2634 6021 83 26 Einde
2733 6024 116 28 Ollmer.

2113 6073 43 26 Hii
2173 6079 60 18 ma.'
2249 6071 54 24 niet
2322 6066 98 27 minder
2437 6070 79 27 geven
2533 6059 47 26 dan
2597 6060 57 18 men
2672 6060 50 19 van
2738 6056 59 26 hem
2815 6059 135 33 verlangt,
2969 6061 26 27 In

2080 6105 70 25 moet
2148 6080 7 24 1
2167 6093 92 37 tooien
2287 6102 44 25 dat
2347 6099 35 33 hij
2399 6098 27 26 in
2440 6094 70 28 staat
2761 6089 87 28 »h»
2868 6092 138 34 verlangde

2079 6138 63 24 taak
2159 6137 47 22 wel
2223 6138 26 21 te
2267 6133 164 31 volbrengen.
2464 6128 46 25 Als
2535 6125 33 33 hp
2588 6120 52 24 niet
2660 6120 102 31 slaagt,
2787 6123 38 25 als
2842 6125 34 32 hij
2897 6135 61 18 voor
2976 6130 30 25 do

2079 6167 210 33 moeielijkheden
2321 6162 119 28 bezwiikt
2465 6158 39 27 zal
2526 6157 34 30 hi]l
2585 6150 28 25 de
2629 6149 195 40 _kleingeestige
2849 6156 158 38 bekrompen

2079 6196 136 31 menschen
2232 6200 26 24 in
2275 6198 46 25 het
2337 6190 77 39 gelijk
2432 6193 110 31 schijnen
2555 6187 26 24 te
2590 6184 91 24 stelden
2707 6184 41 27 die
2764 6190 102 39 ernstig
2874 6191 133 34 gelooven,

2079 6233 46 25 dat
2140 6240 45 18 een
2203 6239 58 18 man
2278 6237 45 18 een
2343 6228 81 26 eerste
2440 6223 137 26 staatsman
2577 6228 4 13 1
2595 6219 51 20 kan
2663 6223 48 19 -n
2722 6236 5 13 p
2761 6219 9 26 j
2826 6222 35 33 h[j
2883 6233 31 17 on
2919 6236 11 6 ..
2933 6227 74 32 or]ijk

2079 6273 31 18 en
2126 6262 178 34 gewetenloos,
2321 6268 32 20 en
2369 6259 40 26 die
2426 6256 57 27 zich
2498 6250 60 30 zelfs
2574 6254 15 44 J
2591 6253 39 18 OOl
2635 6250 93 25 stellen
2756 6252 46 27 dat
2817 6259 136 27 naarmate
2969 6259 35 37 hij

2078 6304 69 19 meer
2393 6291 30 31 is,
2438 6289 35 32 hij
2490 6286 48 27 ook
2555 6282 71 26 beter
2644 6282 119 30 geschikt
2780 6294 22 19 is
2822 6295 63 20 voor
2901 6291 46 28 het
2962 6301 31 25 po-

2076 6327 87 27 litieke
2180 6327 81 26 leven.
2498 6351 5 7 ,
2564 6344 6 7 .
2596 6351 15 7 „
2630 6343 32 15 P
2680 6343 12 15 1
2693 6345 4 8 ,
2715 6347 5 7 ,

2108 6360 35 25 Er
2159 6359 103 26 bestaat
2278 6366 61 17 eene
2355 6353 132 34 gelijkenis
2497 6347 115 27 tusschen
2630 6347 143 28 bladstone
2791 6360 32 18 en
2832 6353 117 35 Ollivier,
2960 6359 47 27 dat

2076 6391 93 26 beiden
2186 6398 44 18 ver
2246 6390 126 25 verheven
2392 6386 48 31 zijn
2458 6385 80 24 boven
2554 6383 157 24 ui-igeeren
2727 6389 31 18 en
2776 6385 124 31 politieke
2915 6390 77 28 kunst-

2075 6423 46 31 jes.
2138 6423 32 25 In
2185 6422 92 26 beiden
2295 6420 21 26 is
2334 6419 45 26 het
2395 6412 158 33 dichterlijke
2569 6411 373 38 kunstenaars-temnerament
2950 6432 58 19 zeer

2075 6454 135 33 krachtig,
2228 6454 91 26 heiden
2335 6450 100 27 hebben
2451 6448 46 27 het
2512 6444 107 27 schoone
2629 6449 31 18 en
2669 6444 84 28 ideale
2763 6451 165 33 aangebeden
2944 6457 63 27 vóór

2075 6487 30 31 zij
2126 6495 110 17 mannen
2255 6494 51 18 van
2323 6484 79 26 zaken
2419 6490 31 17 en
2469 6477 126 27 ministers
2613 6477 110 26 werden.

2109 6517 141 27 Gladstone
2275 6516 72 27 heeft
2370 6515 59 26 deze
2453 6509 174 33 proefneming
2643 6508 109 34 heerlijk
2771 6514 65 28 doen
2852 6517 107 34 slagen,
2976 6529 32 20 en

2075 6552 47 25 het
2138 6550 151 33 nageslacht
2308 6549 39 26 zal
2365 6548 31 25 de
2412 6547 83 25 daden
2510 6548 48 19 van
2576 6541 154 27 historische
2746 6548 246 35 rechtvaardigheid

2075 6582 80 26 welke
2181 6582 31 26 de
2237 6582 83 25 eerste
2339 6579 116 26 minister
2471 6582 50 19 van
2536 6573 133 28 Engeland
2686 6573 91 31 durfde
2794 6581 43 27 tot
2854 6586 139 28 standbren-

2075 6622 64 25 gen,
2165 6613 102 27 terecht
2282 6614 44 25 toe
2352 6609 125 33 schrijven
2500 6611 48 21 aan
2575 6607 45 20 üat
2653 6607 73 33 diepe
2766 6618 242 30 onoverwinnelijke

2075 6646 162 33 dichterlijke
2264 6644 110 27 element
2400 6641 27 26 in
2444 6640 65 26 hem.
2532 6634 72 26 Doch
2621 6635 89 30 mdien
2726 6640 84 31 Emile
2829 6641 180 38 Ollivier'tiet

2074 6678 92 32 slaagt,
2184 6672 50 31 dan
2249 6673 85 27 zullen
2352 6673 31 26 de
2400 6670 150 35 «philisters,
2584 6665 30 27 de
2631 6666 200 40 bureaukraten,
2849 6679 32 27 de
2897 6687 111 25 mannen

2075 6707 45 27 der
2137 6707 116 31 routine,
2271 6705 30 27 de
2321 6705 159 30 ured-topisH
2529 6697 53 27 met
2600 6706 60 20 eene
2678 6713 65 19 ___«
2763 6709 132 33 uitroepen
2908 6725 4 6 •
2940 6717 67 28 _H_.

2074 6738 45 27 dat
2145 6741 71 25 komt
2242 6742 85 24 Wnn
2353 6739 47 21 ran
2411 6733 5 26 I
2451 6728 59 31 Wat
2536 6726 100 32 hebben
2657 6737 39 31 wij
2718 6745 21 19 ,
2908 6737 2 4 '
2962 6726 46 48 ■^

3050 1304 130 26 droomers
3204 1303 27 26 te
3257 1304 106 26 maken!
3400 1303 59 30 Wat
3485 1305 79 27 baten
3582 1316 46 17 ons
3654 1307 163 33 dichterlijke
3834 1303 158 39 gevoelens!?

3051 1338 33 25 Ja
3102 1336 34 35 hij
3155 1337 20 25 is
3194 1336 102 32 eerlijk!
3315 1345 71 20 maar
3404 1338 39 32 wij
3462 1338 102 26 hebben
3582 1339 149 32 praktische
3743 1349 112 18 mannen
3865 1341 96 32 noodig

3087 1370 48 26 Een
3167 1371 83 25 troost
3267 1370 37 26 lal
3325 1371 57 24 hem
3409 1371 89 26 echter
3515 1371 61 25 zelfs
3595 1372 26 24 in
3640 1372 48 32 zijn
3706 1374 142 31 nederlaag
3868 1374 110 31 overblij-

3052 1410 54 18 ven.
3142 1402 128 27 Niemand
3295 1402 38 27 zal
3354 1410 46 20 aan
3419 1404 48 33 zijn
3487 1404 150 33 eerlijkheid
3671 1411 31 19 en
3728 1404 31 26 de
3778 1404 115 26 reinheid
3913 1406 79 28 zijner

3053 1431 168 37 bedoelingen
3240 1436 130 30 twijfelen.
3398 1436 59 26 Men
3477 1439 38 24 z:il
3535 1433 56 30 li'etn
3613 1437 139 31 beklagen,
3771 1439 136 24 misschien
3926 1437 50 26 min-

3052 1467 94 28 achten
3165 1475 40 18 om
3223 1468 64 33 zijne
3305 1469 141 28 zwakheid,
3464 1479 30 17 en
3511 1479 50 19 van
3579 1470 58 28 hem
3654 1479 111 25 zeggen:
3794 1470 44 31 /liij
3856 1469 72 26 heeft
3945 1475 45 21 een.

3053 1501 137 26 verkeerde
3207 1499 128 35 loopbaan
3352 1501 113 33 gekozen
3491 1519 31 2 —
3548 1504 34 33 hij
3605 1513 51 17 was
3674 1506 52 24 niet
3745 1504 118 33 geschikt
3881 1512 61 17 voor
3960 1502 30 26 de

3086 1564 137 28 Misschien
3250 1566 38 25 zal
3315 1566 45 27 het
3381 1567 59 26 hem
3458 1576 32 24 op
3509 1567 38 27 dit
3565 1569 139 34 oogenblik
3720 1577 50 19 aan
3787 1567 91 27 helder
3893 1567 98 26 inzicht

3052 1597 78 30 falen,
3149 1598 28 25 of
3191 1606 50 18 aan
3259 1599 47 26 den
3325 1599 73 27 moed
3416 1602 122 32 krachtig
3554 1611 61 15 voor
3632 1603 64 32 zijne
3713 1602 119 32 meening
3850 1602 39 25 uit
3906 1602 27 25 te
3946 1600 46 25 ko-

3150 1629 33 27 De
3202 1631 61 24 lieer
3280 1632 107 25 Ollivier
3405 1632 48 26 kan
3474 1643 44 15 -n
3536 1637 76 28 groot
3624 1643 59 18 man
3703 1635 58 31 zijn,
3770 1643 46 15 zoo
3824 1633 39 25 als
3872 1633 35 31 hij
3918 1632 74 26 zeker

3053 1669 46 17 een
3124 1662 116 32 waarlijk
3266 1663 64 32 goed
3341 1684 6 6 .
3369 1664 159 34 edelmoedig
3544 1674 32 18 en
3594 1667 106 33 oprecht
3717 1674 61 18 man
3794 1665 30 26 is.
3850 1659 142 32 Gróotheil

3053 1693 74 25 vindt
3145 1694 60 25 hai'.'
3224 1693 89 38 eigent
3333 1703 85 26 wegen
3438 1706 31 17 en
3485 1697 65 26 treft
3568 1698 65 25 haar
3648 1698 105 26 doelwit
3771 1707 32 24 op
3819 1698 64 25 hare
3904 1697 89 33 eigene

3053 1724 78 32 wijze.
3157 1722 138 30 Misschien
3313 1727 38 24 zal
3370 1728 31 22 de
3418 1728 60 27 heer
3497 1730 109 25 Ollivier
3621 1731 103 28 toonen,
3742 1730 45 26 dat
3804 1730 34 32 hij
3856 1730 32 25 de
3900 1729 92 33 positie

3052 1756 66 31 goed
3135 1755 128 33 begrepen
3281 1759 77 24 heeft.
3383 1760 44 30 Hij
3445 1762 69 22 moet
3530 1761 90 25 echter
3635 1762 26 24 in
3680 1762 45 25 dat
3742 1762 84 32 geval,
3839 1769 35 18 nu
3882 1769 59 25 nog,
3952 1762 41 26 ter

3052 1786 81 24 elfder
3150 1794 56 20 uur,
3224 1788 56 24 zich
3296 1795 71 18 meer
3384 1789 34 30 bij
3436 1791 31 24 de
3484 1792 133 24 radikalen
3635 1793 144 24 aansluiten
3798 1801 31 17 en
3843 1793 30 25 de
3882 1793 94 25 hervor-

3052 1824 103 24 mingen
3172 1817 99 25 doorzet
3280 1820 50 26 ten,
3348 1820 39 24 «lic
3405 1821 45 24 het
3467 1821 126 26 verlichte
3609 1822 58 26 deel
3683 1822 46 26 der
3745 1825 71 25 natie
3831 1825 91 26 eischt.
3948 1824 39 34 H_

3052 1854 69 20 moet
3145 1848 56 25 zich
3227 1850 54 24 niet
3307 1853 53 21 met
3385 1852 46 24 het
3451 1860 162 26 programma
3630 1863 51 18 van
3699 1856 46 25 het
3770 1857 222 24 rechtercentrum

3053 1889 183 25 vergenoegen.
3263 1881 116 33 Weinige
3396 1883 83 31 dagen
3496 1886 84 25 zullen
3598 1886 46 25 het
3660 1886 39 25 lot
3715 1893 50 19 van
3782 1886 84 25 Emile
3882 1886 110 26 Ollivier

3053 1913 138 27 beslissen:
3217 1915 34 33 liij
3279 1915 40 27 zal
3339 1917 28 25 of
3380 1915 97 34 blijken
3494 1925 44 18 een
3707 1918 26 25 te
3752 1918 64 32 zijn,
3835 1918 41 25 die
3893 1918 96 25 weldra

3052 1948 41 25 ter
3119 1949 64 33 zijde
3208 1948 83 28 wordt
3317 1958 150 25 geworpen,
3494 1950 27 27 of
3537 1950 48 27 wel
3602 1950 32 27 de
3652 1945 125 39 grootste'
3788 1949 124 30 minister,
3930 1949 59 26 dien

3054 1981 136 33 Frankrijk
3208 1982 70 26 sinds
3295 1983 124 26 Casimier
3435 1983 89 27 Pener
3540 1983 84 34 gehad
3641 1984 71 26 heeft
3728 1991 31 18 en
3777 1982 45 26 dat
3837 1982 50 26 wel
3907 1982 27 25 in
3944 1989 44 18 een

3053 2011 98 34 hooger
3168 2020 31 20 en
3217 2015 85 26 edeler
3318 2016 41 25 zin
3377 2016 50 27 dan
3445 2017 66 26 deze.

3089 2047 27 24 In
3136 2044 152 35 Frankrijk,
3307 2056 30 17 en
3356 2049 45 25 dat
3422 2050 47 25 wel
3487 2049 183 34 voornamelijk
3687 2049 26 26 in
3731 2049 97 33 Parijs,
3844 2048 97 33 klagen
3959 2046 30 27 de

3054 2075 126 30 direktiên
3200 2079 46 25 der
3261 2079 204 37 schouwburgen
3484 2082 70 26 sinds
3569 2083 97 33 langen
3683 2082 50 34 tijd
3748 2082 103 26 terecht
3868 2088 60 20 over
3946 2080 45 27 het

3054 2109 149 27 drukkende
3233 2112 83 26 //droit
3344 2113 44 27 des
3563 2117 45 26 het
3626 2117 178 31 armenrecht,
3821 2114 46 27 dat
3887 2117 28 25 10
3933 2114 58 33 pCt.

3054 2144 81 25 eischt
3156 2152 48 17 van
3224 2144 30 25 de
3275 2143 230 38 bruto-ontvang-t
3526 2148 45 26 der
3595 2148 270 28 tooneeldirekteuren
3882 2154 61 19 voor
3961 2147 30 26 de

3054 2176 143 26 armenk,-.
3230 2177 41 26 Nu
3295 2186 97 24 vragen
3411 2180 30 26 de
3459 2181 128 26 direktiên
3599 2203 5 8 ,
3622 2190 111 18 waarom
3751 2190 59 18 men
3827 2180 60 27 deze
3902 2180 90 26 fiskale

3054 2207 130 34 belasting
3208 2209 84 27 alleen
3315 2218 51 19 van
3390 2212 51 26 hen
3461 2213 103 27 eischt?
3581 2213 122 28 Waarom
3719 2222 65 26 geen
3801 2213 81 33 vrijen
3898 2212 96 27 handel

3054 2250 48 17 aan
3128 2242 31 24 de
3184 2242 203 34 schouwburgen
3413 2245 142 28 verleend'?
3575 2248 53 26 Het
3645 2256 81 25 geven
3743 2256 50 17 van
3810 2242 144 31 aalmoezen
3972 2245 21 26 is

3054 2274 163 31 uitstek'■ml,
3243 2282 72 20 maar
3340 2277 53 25 niet
3411 2285 119 20 wanneer
3548 2289 57 18 men
3624 2288 26 18 ze
3667 2281 40 26 uit
3725 2288 59 19 eens
3801 2278 193 27 anderenmans

3054 2307 46 25 zak
3126 2308 86 32 geeft,
3239 2316 31 17 on
3295 2309 40 25 dit
3354 2310 72 26 heeft
3442 2311 27 26 te
3487 2313 110 32 dikwijls
3614 2314 84 32 plaats
3713 2314 26 25 in
3758 2311 145 33 Frankrijk.
3928 2311 50 25 Dik-

3053 2340 66 31 wijls
3144 2346 66 27 gaan
3236 2340 163 30 direkteuren
3426 2350 50 19 van
3494 2346 204 33 schouwburgen
3713 2346 111 30 failliet,
3843 2344 86 26 omdat
3947 2344 46 26 het

3054 2372 162 27 armenrecht
3231 2381 50 18 aan
3298 2373 46 27 het
3361 2375 73 26 einde
3452 2385 50 18 van
3519 2378 46 26 het
3579 2379 58 33 jaar
3654 2379 26 25 al
3697 2380 86 25 hunne
3797 2378 107 26 winsten
3917 2376 77 33 blijkt

3054 2405 172 30 ingezworen
3246 2407 26 22 te
3289 2406 109 33 hebben,
3418 2408 25 26 in
3462 2411 65 25 welk
3546 2412 74 31 geval
3639 2412 30 25 de
3683 2412 145 25 aalmoezen
3839 2411 39 25 uit
3889 2411 46 25 den
3947 2409 46 26 zak

3054 2437 44 24 der
3125 2434 163 30 krediteuren
3315 2441 98 25 komen.
3441 2443 39 25 De
3496 2444 137 34 regeering
3648 2445 71 24 heeft
3738 2444 120 31 eindelijk
3876 2443 117 26 besloten

3053 2469 45 25 het
3116 2469 162 30 armenrecht
3295 2478 57 20 zeer
3370 2473 26 26 te
3413 2470 185 37 verminderen,
3618 2484 31 18 en
3666 2477 71 26 heeft
3754 2476 46 26 het
3816 2484 50 18 van
3888 2478 30 22 10
3934 2474 58 34 pCt.

3053 2503 37 22 tot
3112 2503 25 25 41
3145 2529 12 4 _
3177 2504 56 30 pl.'t.
3252 2505 170 30 verminderd,
3441 2506 65 26 doch
3524 2509 30 25 de
3572 2509 131 33 belasting
3719 2509 71 33 blijft
3802 2517 63 18 even
3875 2507 104 26 onrecht-

3053 2535 107 31 vaardig
3171 2555 4 7 ,
3193 2535 106 33 volgens
3320 2538 30 24 de
3367 2537 120 34 mëening
3504 2549 48 17 van
3570 2541 83 26 velen.

3086 2567 52 27 Ten
3156 2570 81 24 eerste
3256 2569 93 33 blijven
3367 2572 31 32 zij
3426 2571 129 33 beweren,
3582 2574 45 25 dat
3645 2574 30 25 de
3693 2574 131 33 belasting
3842 2572 90 27 diende
3950 2581 30 25 ge-

3054 2601 80 25 heven
3161 2602 26 24 te
3204 2602 103 26 worden
3333 2611 50 19 van
3402 2604 31 26 de
3449 2607 74 24 netto
3549 2606 84 31 winst,
3660 2615 31 15 en
3717 2607 56 24 niet
3789 2615 51 18 van
3857 2607 31 25 de
3915 2606 77 26 bruto

3054 2634 148 31 ontvangst.

3085 2666 53 26 Ton
3165 2666 96 27 tweede
3281 2674 94 27 zeggen
3403 2668 46 33 zij,
3475 2668 46 27 dat
3547 2678 28 18 er
3600 2669 63 26 zelfs
3686 2670 27 25 in
3731 2669 40 26 dit
3788 2669 77 33 geval
3881 2669 56 26 niet
3963 2669 28 26 de

3054 2699 93 27 minste
3162 2699 78 26 reden
3259 2700 118 28 bestaat,
3396 2708 112 19 waarom
3530 2702 180 26 ondernemers
3728 2711 48 17 van
3795 2702 120 32 publieke
3932 2709 45 18 ver-

3056 2731 202 32 makelijkheden
3276 2732 30 26 de
3325 2733 89 35 eenige
3431 2734 164 27 onderdanen
3612 2735 103 27 moeten
3731 2734 58 34 zijn,
3800 2734 40 27 die
3852 2744 47 18 eea
3907 2734 71 27 belas-

3054 2764 57 30 ting
3129 2772 32 24 op
3177 2764 45 26 het
3240 2765 119 26 inkomen
3378 2766 110 27 betalen.

3086 2796 53 26 Het
3159 2794 83 31 «droit
3260 2798 44 26 des
3462 2800 21 25 is
3501 2799 63 27 door
3580 2799 135 34 Napoleon
3723 2799 13 26 I
3752 2799 129 34 ingesteld
3896 2807 79 25 gewor-

3053 2828 58 28 den.
3137 2829 44 33 Hij
3198 2830 74 27 vindt
3288 2831 46 26 het
3351 2832 157 33 onmogelijk
3527 2832 32 26 de
3575 2832 146 34 hospitalen
3738 2839 32 19 en
3782 2832 152 31 gasthuizen
3944 2841 47 18 van

3053 2861 46 26 het
3123 2862 50 32 rijk
3189 2864 27 25 te
3234 2864 182 26 onderhouden
3433 2867 39 25 uit
3489 2865 46 26 het
3553 2865 105 33 budget,
3676 2864 46 26 dat
3738 2864 73 26 reeds
3828 2872 100 25 genoeg
3946 2864 31 26 be-

3056 2896 99 24 zwaard
3182 2895 69 28 werfl
3275 2897 63 25 door
3354 2897 45 26 het
3424 2897 86 33 leger,
3536 2907 31 17 en
3586 2897 61 26 door
3664 2897 131 26 subsidie-
3819 2906 48 18 aan
3888 2897 31 26 de
3938 2897 53 25 vele

3056 2927 119 27 broeders
3201 2929 44 26 des
3260 2929 105 26 keizers.
3399 2930 46 25 Als
3463 2939 46 18 een
3526 2930 89 33 bewijs
3631 2930 48 26 hoe
3697 2929 217 33 onrechtvaardig
3932 2928 59 26 deze

3054 2960 183 34 belastinglis,
3256 2961 80 27 meldt
3354 2969 45 17 een
3418 2962 45 26 der
3475 2962 146 34 dagbladen
3630 2962 46 26 dat
3692 2962 31 25 de
3733 2962 131 25 direkteur
3880 2968 50 17 van
3946 2961 45 24 het

3053 2992 111 26 Théatre
3191 2993 30 26 de
3240 2994 26 25 la
3285 2993 78 27 Porte
3383 2995 73 26 Saint
3476 2995 99 26 Martin
3593 2995 143 26 faillieerde
3752 3001 63 19 voor
3834 2995 91 27 B_,ooo
3940 2993 50 31 fr.,

3054 3025 91 31 terwijl
3164 3026 34 31 bij
3217 3027 26 24 in
3262 3026 45 27 dat
3321 3027 59 31 jaar
3397 3027 54 26 niet
3468 3028 99 25 minder
3585 3028 51 25 dan
3656 3030 100 26 137,000
3774 3026 31 24 fr.
3823 3033 50 18 aan
3892 3030 83 24 armen-

3054 3056 73 26 recht
3145 3057 103 25 betaald
3266 3059 76 22 werd.

3086 3089 129 27 Wanneer
3240 3090 30 27 de
3294 3090 122 27 klachten
3442 3091 45 25 der
3511 3091 126 26 direktiên
3654 3090 26 25 te
3698 3089 128 34 dringend
3841 3089 104 28 werden
3961 3099 31 18 en

3056 3119 171 30 ondersteund
3253 3124 100 25 werden
3374 3124 63 24 door
3454 3124 44 22 het
3514 3124 69 27 volk,
3600 3123 47 39 gaf
3664 3123 30 25 de
3711 3123 136 32 regeering
3866 3132 46 15 een
3934 3124 44 25 sub-

3054 3152 63 27 sidie
3142 3162 48 18 aan
3216 3155 48 25 den
3291 3154 184 35 schouwburg,
3501 3155 81 26 welke
3608 3156 44 26 net
3670 3156 80 25 meest
3768 3154 111 35 klaagde
3899 3156 30 26 of
3944 3155 48 27 den

3054 3187 111 27 meesten
3193 3188 76 32 bijval
3299 3188 80 30 vond,
3405 3187 39 26 dit
3469 3189 104 25 maakte
3593 3189 31 26 de
3640 3189 131 32 belasting
3789 3187 90 28 echter
3895 3189 96 26 dubbel

3056 3220 132 25 drukkend
3221 3228 63 18 voor
3317 3221 31 26 de
3390 3221 92 27 andere
3524 3222 211 33 schouwburgen.
3769 3220 111 27 Verders
3911 3229 66 17 moes-

3054 3254 43 25 ten
3123 3253 31 27 do
3182 3252 128 30 direktiên
3335 3253 100 30 iederen
3457 3255 84 27 avond
3559 3257 65 25 twee
3641 3255 79 34 loge's
3739 3254 129 27 kosteloos
3886 3254 40 27 ter
3945 3254 31 25 be-

3054 3287 137 34 schikking
3209 3296 48 18 van
3275 3288 48 26 den
3341 3288 100 35 prefekt
3458 3296 51 18 van
3526 3289 90 33 politie
3632 3298 32 17 en
3681 3295 50 19 van
3742 3288 46 26 het
3797 3287 141 27 ministerie
3947 3286 45 27 der

3057 3321 109 26 schoone
3182 3320 111 27 kunsten
3312 3321 100 31 stellen,
3430 3322 96 33 terwijl
3542 3321 31 27 de
3588 3321 91 35 politie
3697 3320 144 27 bovendien
3859 3327 52 27 nog
3927 3321 65 26 twee

3057 3354 137 26 fcauteuils
3211 3354 155 27 d'orehestre
3385 3356 104 26 eischte.

3091 3386 34 27 De
3154 3387 189 31 vermindering
3366 3389 45 24 der
3437 3387 220 32 armenbelasting
3684 3386 71 27 heeft
3770 3394 59 18 men
3847 3386 26 26 te
3892 3386 100 26 danken

3057 3429 47 18 aan
3123 3420 48 25 den
3189 3412 162 37 maarschalk
3369 3420 132 31 Vaillant,
3527 3420 39 26 die
3592 3429 124 18 eveneens
3742 3419 47 32 zijn
3809 3418 183 27 ministerieele

3058 3454 56 30 loge
3139 3452 24 25 In
3193 3455 28 21 de
3249 3452 183 27 verschillende
3457 3452 204 32 schouwburgen
3684 3461 51 17 van
3751 3448 83 37 Parijs
3853 3451 84 26 weder
3952 3452 40 24 ter

3054 3478 169 38 beschikking
3240 3484 81 24 stelde
3340 3484 44 24 der
3403 3484 137 26 direktiên,
3567 3484 63 25 daar
3656 3484 34 31 hij
3712 3484 27 25 in
3758 3478 57 35 zijn'
3827 3484 150 28 krijgsmans-

3242 3516 57 24 'leid
3327 3515 125 25 volstrekt
3470 3515 30 25 de
3519 3515 76 25 reden
3612 3514 54 27 niet
3685 3522 48 22 zag
3754 3522 109 17 waarom
3880 3511 34 32 hij
3932 3514 44 25 kos-

3053 3546 84 22 teloos
3155 3552 64 17 naar
3235 3546 48 22 den
3300 3546 172 30 schouwburg
3490 3553 46 15 zou
3554 3553 67 21 gaan
3639 3546 54 22 niet
3710 3543 91 26 alleen,
3819 3552 73 17 maar
3901 3544 90 31 beslag

3052 3582 46 18 zou
3115 3575 93 30 leggen
3226 3582 32 22 op
3278 3582 46 17 een
3339 3574 59 31 loge
3416 3574 26 25 in
3458 3574 106 31 twintig
3579 3574 118 25 theaters
3713 3574 26 24 te
3756 3573 86 32 gelijk.

3084 3665 38 26 De
3149 3663 63 27 heer
3235 3663 31 27 de
3283 3664 113 27 Forcade
3431 3664 86 30 heeft,
3540 3666 118 26 alvorens
3690 3665 46 27 het
3762 3663 143 28 ministerie
3938 3671 50 19 van

3051 3694 113 28 binnenl.
3182 3697 81 26 zaken
3279 3698 27 25 te
3324 3698 123 31 verlaten,
3465 3705 46 20 een
3520 3698 96 27 besluit
3625 3705 132 27 genomen,
3768 3697 133 27 waardoor
3909 3702 61 21 voor-

3051 3729 100 34 loopige
3177 3729 156 34 voldoening
3358 3738 48 19 aan
3424 3738 46 19 een
3487 3731 103 27 wensch
3607 3731 45 27 der
3669 3730 126 28 liberalen
3810 3730 85 27 wordt
3912 3736 61 27 gege-

3051 3769 58 19 ven.
3135 3761 43 34 Hij
3206 3761 72 27 heeft
3294 3762 109 37 bepaald
3422 3763 46 26 dat
3484 3763 31 26 de
3534 3763 124 33 wettelijk
3676 3763 143 27 vereischto
3835 3762 137 28 bekendma-

3051 3793 64 33 king
3130 3800 48 19 van
3196 3793 182 33 gerechtelijke
3399 3794 240 34 aankondigingen,
3658 3802 61 19 voor
3737 3794 103 27 zooveel
3857 3795 30 26 de
3899 3793 76 35 depar-

3051 3826 131 26 tementen
3198 3824 104 30 betreft,
3320 3826 26 26 in
3364 3827 70 25 ieder
3452 3826 90 27 aldaar
3560 3826 176 33 verschijnend
3746 3826 119 34 dagblad,
3875 3826 113 26 hetwelk

3051 3856 90 32 geheel
3162 3856 26 26 of
3202 3857 163 32 gedeeltelijk
3384 3866 48 18 aan
3451 3859 31 25 de
3491 3859 130 33 'politieke
3639 3859 79 26 zaken
3736 3859 92 34 gewijd
3836 3859 30 27 is,
3875 3857 39 26 zal
3925 3857 48 26 kun-

3051 3896 48 18 nen
3116 3889 168 33 geschieden,
3301 3898 31 18 en
3350 3898 63 18 voor
3430 3891 81 33 Parijs
3528 3892 27 26 in
3573 3892 54 26 vier
3644 3892 89 26 aldaar
3749 3891 139 27 bestaande
3899 3888 74 28 adver-

3051 3921 187 27 tentie-bladen
3249 3941 4 7 ,
3274 3922 40 25 die
3332 3922 57 25 zich
3405 3924 57 24 niet
3477 3924 54 25 met
3550 3925 124 31 politieke
3691 3924 242 33 aangelegenheden
3951 3922 26 25 in-

3051 3953 78 26 laten.
3155 3954 66 25 Deze
3240 3951 120 37 bepaling
3378 3954 73 32 geldt
3469 3956 97 25 slechts
3581 3964 64 17 voor
3661 3964 46 17 een
3722 3956 74 32 jaar,
3814 3957 43 24 tot
3875 3958 71 25 1871.

3083 4000 31 5 —
3130 3986 83 26 Dezer
3229 3986 83 31 dagen
3330 3986 21 26 is
3367 3986 63 26 door
3448 3987 30 25 de
3500 3987 143 26 bedienden
3658 3987 46 26 der
3720 3992 132 27 magasins
3872 3990 32 22 de
3920 3996 51 17 nou-

3051 4022 104 24 veautés
3170 4020 26 24 te
3215 4018 81 33 Parijs
3313 4028 60 18 eene
3390 4019 148 34 algemeene
3555 4020 169 32 bijeenkomst
3741 4020 143 31 gehouden,
3893 4019 96 26 waarin

3052 4051 123 33 rekening
3200 4061 30 17 en
3255 4052 226 32 verantwoording
3501 4052 22 25 is
3540 4052 119 33 afgelegd
3677 4062 50 17 van
3744 4054 45 25 het
3808 4051 119 33 geldelijk
3946 4051 28 26 be-

3051 4084 74 25 heer,
3143 4084 64 24 door
3229 4084 44 25 het
3291 4084 106 25 bestuur
3415 4084 45 25 der
3475 4088 77 28 grève
3567 4085 145 30 gedurende
3729 4084 32 26 de
3777 4085 76 25 krisis
3869 4084 117 32 gevoerd.

3051 4115 46 25 Uit
3123 4116 44 25 h.t
3191 4116 87 27 tevens
3305 4116 128 31 openbaar
3459 4116 135 31 gemaakte
3612 4116 102 33 verslag
3729 4124 51 18 van
3797 4116 30 26 de
3846 4116 142 26 resultaten

3050 4148 45 22 d.-r
3120 4148 189 28 werkstaking.
3335 4148 48 24 kan
3410 4155 61 17 over
3489 4148 45 26 het
3552 4149 132 30 algemeen
3699 4156 63 17 eene
3778 4148 167 32 verbetering
3960 4148 26 24 in

3050 4178 46 26 het
3111 4178 39 27 lot
3167 4179 45 25 der
3228 4178 122 30 bedoelde
3367 4179 141 26 bedienden
3529 4173 103 33 worden
3650 4180 163 34 opgemaakt.
3847 4180 125 26 Daarente-

3050 4219 47 21 gen
3116 4211 71 27 heeft
3204 4213 30 24 de
3253 4211 149 34 oprichting
3409 4219 50 18 van
3476 4217 157 21 mnma'tson
3651 4214 32 24 de
3698 4214 168 26 -nouveautés,
3882 4213 35 31 bij
3927 4220 46 15 aan-

3050 4243 87 24 deelen
3148 4263 5 9 ,
3177 4244 56 24 niet
3260 4237 31 31 de
3305 4243 141 32 verlangde
3470 4244 190 31 medewerking
3685 4245 150 28 gevonden;
3860 4244 26 24 in
3904 4243 84 33 plaats

3048 4280 50 19 van
3115 4273 31 26 de
3162 4276 145 25 verwachte
3325 4276 48 32 vijf
3386 4274 115 25 millioen
3517 4274 60 28 frs.,
3594 4276 22 25 is
3633 4274 97 26 slechts
3746 4283 63 18 voor
3827 4283 46 18 een
3891 4274 97 32 bedrag

3048 4312 50 19 van
3115 4309 106 27 200,000
3231 4307 43 25 frs.
3292 4306 190 32 ingeschreven,
3500 4316 119 17 waarvan
3637 4310 89 28 75,000
3742 4307 44 25 frs.
3802 4306 51 33 zijn
3869 4306 112 32 gestort.

3405 4377 247 1 Rusland.

3083 4442 107 26 Moskau
3223 4442 70 27 Wied
3318 4442 53 27 laat
3397 4442 50 33 zijn
3463 4442 107 26 blikken
3586 4442 53 26 met
3663 4442 74 32 innig
3761 4448 131 27 genoegen
3918 4448 66 27 gaan

3051 4474 73 32 langs
3142 4475 32 24 de
3191 4474 176 34 goedgevulde
3384 4482 65 25 ryen
3468 4475 45 26 der
3529 4475 126 26 russische
3672 4481 100 21 armee,
3798 4482 31 17 en
3855 4474 59 31 zegt
3939 4474 46 26 dat

3048 4506 45 25 hot
3110 4507 123 24 tevreden
3249 4507 30 25 is.
3313 4507 91 26 Sedert
3420 4507 48 26 den
3487 4507 177 31 Krim-oorlog
3680 4506 22 25 is
3716 4505 116 26 Rusland
3841 4505 144 27 verbazend

3048 4539 202 30 vooruitgegaan
3279 4547 31 24 op
3327 4539 44 27 het
3389 4540 92 31 gebied
3497 4547 50 18 van
3565 4539 46 26 het
3626 4539 177 32 krijgswezen.
3821 4538 32 26 In
3863 4539 30 25 de
3904 4539 80 26 eerste

3048 4570 83 31 plaats
3149 4572 70 22 moet
3235 4579 58 17 men
3312 4579 71 17 maar
3399 4572 71 27 zien,
3489 4572 80 24 welke
3586 4570 219 26 reuzens—ïreden
3822 4571 46 25 het
3886 4571 98 33 gedaan

3050 4600 69 28 neeft
3144 4599 25 28 in
3196 4603 31 25 de
3253 4610 172 28 spoorwegen.
3443 4603 61 26 Tien
3521 4604 73 32 jaren
3612 4602 106 32 geleden
3737 4611 51 17 was
3807 4602 116 27 Rusland
3939 4612 45 18 zoo

3048 4635 65 30 goed
3130 4635 38 25 als
3177 4636 94 25 zonder
3280 4636 286 30 spoorwegen.Behalve
3576 4636 30 24 de
3617 4629 73 32 korte
3699 4635 46 32 lijn
3755 4636 122 25 tusschen
3886 4637 57 25 Don
3954 4645 30 17 en

3048 4665 107 38 Wolga.
3183 4667 31 25 de
3231 4668 124 31 hoofdlijn
3380 4667 554 40 Petersburg-Moskau-Nisjni-Nowgorod
3953 4677 32 17 en

3048 4698 30 25 de
3104 4700 78 32 zijlijn
3210 4700 552 34 I'etersburg-Koningsbergen-Warsehau,
3787 4700 52 27 bad
3853 4693 48 34 liet
3912 4701 72 27 niets.

3048 4730 43 25 Nu
3109 4733 83 22 wordt
3213 4733 45 22 het
3274 4733 38 24 als
3330 4733 45 24 het
3391 4741 66 15 ware
3475 4735 53 22 met
3546 4741 164 30 spoorwegen
3729 4734 131 25 overdekt.
3876 4726 109 34 Moskou

3048 4762 22 26 is
3092 4762 27 27 in
3144 4763 155 33 verbinding
3320 4763 126 35 gebracht
3462 4767 56 25 met
3533 4766 67 33 Riga
3617 4766 76 31 langs
3710 4766 168 30 Smolenksk,
3895 4775 30 18 en
3941 4768 44 25 ten

3050 4796 90 25 zuiden
3156 4798 103 24 worden
3276 4796 90 28 immer
3383 4796 84 28 weder
3483 4800 98 25 nieuwe
3599 4799 99 26 sektiën
3716 4799 123 33 geopend.
3856 4792 83 33 Reeds
3948 4808 34 17 nu

3048 4827 72 27 heeft
3145 4830 30 25 de
3201 4830 154 26 lokomotief
3377 4831 70 26 Kiefl'
3468 4831 117 32 bereikt,
3602 4832 94 33 terwijl
3713 4839 51 18 van
3782 4832 97 25 Odessa
3898 4833 39 25 uit
3956 4840 30 17 en

3048 4860 27 26 in
3100 4861 31 26 de
3156 4861 117 35 richting
3304 4871 50 19 van
3378 4864 110 27 Moskou
3513 4865 48 26 ook
3586 4856 73 35 reeds
3690 4873 46 19 een
3761 4864 145 35 belangrijk
3931 4864 54 28 deel

3048 4893 22 25 is
3096 4894 149 33 afgewerkt.
3279 4894 61 27 Niet
3371 4897 64 33 lang
3459 4898 39 25 zal
3529 4897 45 26 het
3599 4898 81 25 duren
3706 4898 30 25 of
3757 4897 31 26 de
3815 4898 107 25 Oostzee
3946 4898 39 25 zal

3048 4928 54 24 met
3128 4926 31 26 de
3183 4928 99 26 Zwarte
3319 4929 47 26 Zee
3400 4930 63 26 door
3488 4938 46 19 een
3560 4929 193 35 onafgebroken
3780 4930 123 34 spoorlijn
3932 4938 40 18 ver-

3050 4958 102 26 bonden
3185 4961 56 33 zijn.
3286 4962 91 26 Hierin
3409 4964 51 24 ziet
3496 4964 109 25 Aloskau
3645 4964 70 24 Wied
3738 4964 103 24 terecht
3866 4971 46 17 een
3938 4963 32 25 be-

3050 4990 144 33 langrijken
3211 4994 86 25 faktor
3314 5002 63 18 voor
3392 4995 31 24 de
3432 4995 291 33 macbtsontwikkeling
3730 5003 50 17 van
3789 4995 124 25 Rusland.
3931 4995 54 26 Hoe

3051 5023 70 26 heeft
3139 5023 38 27 dit
3195 5023 59 28 land
3262 5027 103 26 moeten
3373 5026 128 31 zwichten
3508 5028 27 26 te
3547 5027 151 33 Sebastopol
3706 5029 13 24 't
3736 5020 104 35 Zouden
3848 5027 32 27 de
3888 5034 81 21 vreem-

3050 5055 118 34 delingen
3188 5057 54 25 niet
3269 5059 158 31 verpletterd
3444 5060 48 30 zijn
3519 5061 152 31 geworden,
3689 5068 119 17 wanneer
3833 5060 105 31 destijds
3954 5061 30 24 de

3050 5088 217 26 koniinuiiikatié'n
3294 5091 100 24 hadden
3417 5089 106 26 bestaan
3541 5099 51 17 van
3608 5092 48 24 den
3673 5091 226 33 tegenwoordigen
3917 5092 67 30 tijd*

3050 5121 85 26 Ueene
3156 5121 89 26 macht
3261 5121 78 26 zoude
3357 5121 110 26 bestand
3483 5122 51 31 zijn
3550 5124 112 30 geweest
3678 5124 77 31 tegen
3774 5122 30 25 de
3821 5122 163 32 reusachtige

3048 5152 224 32 tro.-peninassa's,
3299 5153 40 25 die
3366 5153 117 26 Rusland
3503 5148 74 38 langs
3594 5154 50 25 den
3661 5161 133 25 spoorweg
3811 5154 51 25 had
3879 5153 105 26 kunnen

3050 5192 143 17 vervoeren.
3213 5185 73 22 Maar
3301 5184 109 27 Moskau
3424 5186 69 24 Wied
3510 5186 63 31 gaat
3598 5186 97 24 verder.
3730 5186 56 25 Ook
3803 5186 26 24 in
3847 5186 45 24 het
3912 5185 71 33 leger

3047 5216 69 24 zelve
3135 5216 21 25 is
3176 5216 54 25 veel
3248 5216 136 25 verbeterd
3402 5225 30 15 en
3450 5217 31 24 de
3498 5217 197 25 moskovitische
3722 5224 83 17 armee
3823 5217 20 24 is
3860 5216 77 25 zeker
3951 5217 32 25 de

3047 5248 80 24 eerste
3145 5246 45 25 der
3208 5246 100 28 wereld.
3344 5248 38 26 De
3400 5248 211 26 ultraorthodoxe
3632 5248 93 30 krant,
3743 5255 109 26 vroeger
3867 5248 100 25 overloo-

3048 5280 78 32 pende
3161 5288 47 17 van
3243 5281 43 30 gal
3312 5289 30 15 en
3379 5281 113 26 bitsheid
3517 5282 139 30 tegenover
3672 5280 123 30 Pruisen,
3821 5278 157 28 könstateeri

3045 5311 78 25 thans
3139 5311 53 26 met
3201 5313 117 26 ootmoed
3328 5329 31 2 —
3369 5323 45 17 een
3429 5315 92 32 gevolg
3530 5322 48 19 van
3588 5314 46 28 het
3643 5314 65 27 feest
3716 5323 50 17 van
3775 5314 39 26 St.
3824 5314 99 34 George
3932 5324 8 17 r
3951 5329 32 5 —

3046 5343 45 26 dat
3124 5353 27 18 er
3188 5344 79 31 heden
3296 5347 41 27 ten
3364 5346 65 41 dage
3458 5348 120 34 eigenlijk
3605 5356 71 19 maar
3700 5348 46 27 één
3772 5348 61 26 land
3859 5348 21 27 is
3905 5348 77 34 tegen

3046 5378 115 25 Rusland
3180 5380 178 33 opgewassen:
3376 5381 48 26 d.i.
3436 5382 117 26 Pruisen.
3579 5382 149 32 Gevaarlijk
3744 5388 50 20 zou
3802 5381 48 27 dat
3860 5380 64 32 land
3933 5381 51 34 zijn

3047 5418 118 19 wanneer
3183 5411 45 30 het
3246 5414 124 34 overging
3384 5414 43 26 tot
3443 5424 46 18 een
3508 5415 71 27 inval
3595 5415 27 26 in
3638 5414 124 28 Rusland.
3781 5414 74 28 Maar
3865 5414 34 35 bij
3909 5415 60 27 Prui-

3047 5453 43 17 sen
3117 5445 84 27 houdt
3224 5447 64 25 alles
3314 5454 39 32 op.
3387 5448 168 26 Minachtend
3581 5450 52 25 ziet
3651 5451 110 25 Moskau
3784 5451 70 25 Wied
3873 5451 59 25 neer
3953 5458 31 26 op

3048 5478 146 34 Oostenrijk
3211 5489 32 18 en
3260 5480 111 34 Turkije.
3389 5481 56 27 Met
3459 5483 47 27 het
3520 5483 139 34 pruisische
3677 5483 71 34 leger
3763 5483 52 27 kan
3833 5483 30 26 de
3872 5484 54 26 Rus
3934 5492 51 25 nog

3050 5518 44 20 een
3113 5512 170 37 vergelijking
3299 5516 105 28 maken,
3424 5525 71 18 maar
3504 5517 45 26 het
3560 5517 200 33 oostenrijksche
3770 5525 31 18 en
3808 5517 47 26 het
3865 5517 120 27 turksche

3050 5545 47 31 zijn
3116 5545 44 26 zóó
3180 5545 111 30 beneden
3309 5548 48 27 alle
3377 5550 109 28 kritiek,
3506 5551 44 25 dat
3566 5558 59 18 men
3643 5558 27 18 er
3684 5550 57 27 niet
3749 5558 60 19 over
3816 5548 110 37 spreken
3933 5549 51 28 kan

3048 5577 93 25 zonder
3162 5578 26 25 te
3208 5578 97 28 lachen.
3340 5582 33 25 Ja
3390 5583 63 26 zelfs
3468 5582 220 30 saamverbonden
3705 5583 97 26 zouden
3820 5583 30 26 de
3866 5583 71 26 Turk
3954 5590 30 20 en

3048 5609 30 25 de
3104 5609 176 35 Oostenrijker
3305 5614 69 26 niets
3397 5616 104 26 kunnen
3527 5616 157 31 uitrichten,
3705 5624 32 18 en
3756 5616 32 33 bij
3807 5616 30 26 de
3854 5617 81 25 eerste
3954 5616 30 25 «le

3051 5642 69 26 beste
3136 5642 106 33 botsing
3259 5649 79 21 zoude
3354 5656 46 17 een
3416 5649 116 26 handvol
3547 5649 178 26 Moskovieteu
3742 5648 228 35 eenganschleger-

3048 5675 77 27 korps
3150 5675 45 26 der
3221 5678 171 31 geallieerden
3418 5682 26 26 in
3462 5682 32 26 de
3510 5691 51 25 pan
3578 5682 111 27 hakken.
3723 5682 21 27 O
3769 5682 126 27 russische
3913 5689 58 19 snoe-

3050 5715 60 24 verij
3122 5727 2 7 ,
3144 5717 40 17 uw
3202 5719 74 17 naam
3295 5712 20 24 is
3334 5714 110 26 Moskou
3459 5717 69 25 Wied
3539 5722 8 20 I

3051 5770 5 6 _
3081 5753 31 5 —
3131 5740 45 26 Uit
3195 5741 143 28 Warschau
3358 5747 84 25 wordt
3459 5756 50 19 aan
3527 5748 31 25 de
3576 5748 164 32 Avgshiraer
3755 5747 106 32 Allgem.
3873 5747 112 32 Zeitung,

3050 5779 26 18 m
3096 5780 59 18 eene
3175 5776 163 30 particuliere
3357 5778 235 34 korrespondentie,
3611 5781 45 25 het
3672 5776 124 38 volgende
3816 5779 100 32 gemeld
3932 5779 53 26 met

3051 5805 155 25 betrekkin.'
3222 5807 41 25 tot
3292 5809 31 27 de
3348 5812 106 26 zooveel
3477 5813 236 34 geruchtmakende
3738 5812 201 32 samenzwering
3958 5812 27 24 in

3051 5838 120 26 Rusland.
3189 5838 38 26 De
3244 5838 144 38 berichten,
3406 5845 81 28 welke
3504 5848 45 25 ten
3566 5846 59 27 dien
3641 5845 116 33 opzichte
3775 5845 27 26 in
3820 5844 99 33 omloop
3937 5844 48 32 zijn

3047 5874 126 27 Se«Wït.
3191 5871 87 26 luiden
3299 5882 46 18 zoo
3363 5880 248 32 onwaarschijnlijk,
3628 5878 107 33 spreken
3744 5877 123 26 elkander
3876 5884 44 18 zoo
3930 5877 45 32 lijn-

3046 5903 76 22 recht
3138 5903 93 33 tegen.
3249 5906 46 26 dat
3313 5916 58 20 men
3390 5913 53 26 met
3461 5907 98 39 gneiten
3576 5911 81 34 grond
3676 5920 60 24 mag
3754 5910 125 30 beweren,
3899 5909 45 26 dat
3956 5909 28 25 de

3046 5936 185 31 voorgewende
3249 5946 204 30 samenzwering
3471 5943 198 34 waarschijnlijk
3687 5952 57 17 zeer
3762 5942 104 33 spoedig
3876 5942 39 25 zal
3927 5942 58 31 blij-

3047 5968 48 21 Ren
3113 5968 83 26 alleen
3214 5970 26 25 te
3260 5972 100 30 hebben
3378 5976 109 27 bestaan
3503 5978 26 25 in
3548 5978 44 26 het
3611 5975 112 27 verhitte
3749 5975 72 26 brein
3841 5982 50 17 van
3907 5974 78 26 dezen

3047 6004 24 18 01
3090 6006 80 24 genen
3190 6005 135 31 pessimist,
3345 6017 47 18 aan
3410 6009 65 27 wien
3494 6009 123 31 sommige
3632 6008 146 32 dagbladen
3795 6008 26 25 te
3830 6006 154 34 gereedelijk

3045 6030 46 25 het
3110 6040 45 19 oor
3170 6034 103 30 hebben
3292 6040 115 33 geleend.

3078 6065 61 27 Men
3156 6070 73 25 voert
3247 6070 137 35 hiertegen
3402 6081 64 24 aan;
3483 6074 46 26 dat
3548 6073 57 26 vele
3619 6079 125 27 personen
3755 6072 26 26 in
3795 6069 189 28 verschillende

3046 6098 90 26 d.'elen
3154 6099 44 27 des
3214 6103 64 33 rijks
3295 6105 27 27 in
3340 6106 133 28 hechtenis
3491 6109 50 33 zijn
3557 6115 132 25 genomen,
3707 6113 32 18 en
3757 6105 39 26 dit
3814 6104 20 26 is
3854 6103 130 33 werkelijk

3046 6132 46 21 net
3118 6135 92 30 geval,
3237 6144 72 20 maar
3328 6146 56 19 men
3403 6141 105 34 vergeet
3526 6138 113 33 daarbfl,
3658 6138 45 26 dat
3720 6138 30 24 de
3768 6136 90 33 politie
3874 6136 28 24 in
3919 6136 50 24 Rus-

3046 6164 61 24 land
3124 6164 83 30 veelal
3224 6170 93 27 zonder
3337 6172 86 34 eenige
3444 6171 183 32 verschooning
3644 6171 27 26 te
3689 6170 69 26 werk
3767 6169 70 33 gaat.
3853 6167 60 27 Men
3930 6175 41 18 ver-

3046 6196 89 27 zekert
3150 6198 57 27 zich
3224 6203 93 26 zonilcr
3338 6211 70 20 vorm
3426 6214 47 17 van
3493 6211 86 25 proces
3596 6211 48 18 van
3664 6203 50 26 den
3731 6209 115 25 persoon,
3860 6200 58 26 dien
3927 6208 57 19 men

3045 6228 39 25 als
3100 6231 126 27 verdacht
3244 6234 151 28 beschouwt
3413 6246 31 17 en
3462 6236 136 26 daarmede
3614 6236 22 26 is
3653 6236 46 25 het
3715 6235 53 28 uit;
3785 6234 124 31 bespeurt
3926 6240 58 18 mon

3045 6261 85 33 later,
3148 6263 47 30 dat
3215 6274 59 20 men
3292 6268 58 28 zich
3364 6269 73 28 heeft
3452 6268 106 34 vergist,
3578 6268 51 27 dan
3645 6267 63 27 stelt
3723 6274 60 19 men
3800 6265 48 27 den
3866 6272 104 24 gearres-

3045 6294 91 27 teerde
3171 6306 32 27 op
3237 6301 61 33 vrije
3331 6305 98 24 voeten.
3462 6301 149 33 Dergelijke
3635 6301 80 25 feiten
3742 6299 92 26 komen
3859 6294 126 35 dagelijks

3045 6333 71 19 voor.

3078 6361 38 25 De
3149 6361 183 31 hierbedoelde
3360 6366 200 37 samenzwering
3585 6365 22 25 is
3632 6361 198 38 waarschijnlijk
3855 6361 66 25 niets
3938 6367 30 18 an-

3046 6392 58 26 ders
3122 6393 50 26 dan
3188 6397 32 25 de
3237 6399 187 32 zoogenaamde
3438 6392 213 38 panslavistische
3667 6394 180 32 vereeniging,
3865 6398 117 20 waarvan

3046 6423 31 27 de
3094 6424 115 31 bekende
3227 6429 133 28 Bakoenin
3377 6438 46 20 een
3439 6430 46 26 der
3495 6429 130 35 ijverigste
3632 6426 183 28 bevorderaars
3824 6431 59 25 mag
3892 6422 76 34 gehee-

3045 6457 45 27 ten
3107 6461 112 27 worden.
3833 6487 5 5 .
3918 6482 18 6 
3973 6485 5 6 .

3078 6490 116 35 Zoolang
3211 6495 31 25 de
3260 6496 208 31 tegenwoordige
3483 6495 86 25 keizer
3586 6502 48 15 aan
3651 6493 46 24 het
3713 6488 100 27 bewind
3830 6493 37 18 is,
3886 6488 54 18 valt
3952 6488 21 15 e.

3046 6530 64 19 voor
3135 6534 111 20 mannen
3270 6528 39 26 als
3331 6528 132 26 Bakoenin
3488 6535 33 18 en
3544 6523 178 35 geestdrijvers
3749 6524 47 18 van
3821 6520 64 26 zijne
3909 6517 69 19 sooii

3046 6557 96 33 Weinig
3158 6560 26 25 te
3202 6561 90 24 bonen.
3318 6562 37 30 Zij
3383 6561 102 24 hebben
3506 6567 34 15 nu
3557 6559 85 24 hunne
3663 6549 175 27 verwachting
3853 6549 125 26 gcD,ouwu

3047 6596 32 25 op
3097 6589 30 25 de
3144 6591 257 31 troonsbeklinmiing
3418 6599 48 15 van
3484 6589 47 24 den
3548 6581 210 31 vermoedelijken
3768 6576 144 32 erfgenaam
3932 6575 43 25 dei

3150 6632 39 21 üg,
3208 6624 39 25 die
3266 6631 61 19 naar
3345 6622 28 31 zij
3392 6621 116 25 beweren
3527 6618 51 24 hun
3595 6612 89 34 geheel
3702 6619 31 17 en
3749 6608 26 26 al
3791 6617 21 17 is
3827 6607 151 33 toegedaan.

3047 6653 37 26 De
3104 6656 89 31 vurige
3210 6656 100 24 wensch
3328 6653 137 30 dergelijke
3483 6647 168 31 verandering
3666 6641 105 33 spoedig
3788 6641 26 25 te
3829 6647 12 19 z
3854 6647 30 19 en
3894 6640 86 33 plaats

3047 6686 98 31 griipen
3156 6685 93 30 .heeft
3266 6685 51 25 hen
3333 6681 83 34 geleid
3442 6679 40 25 tot
3508 6676 45 27 het
3576 6673 152 27 uitstrooien
3749 6679 52 20 van
3817 6673 100 28 allerlei
3937 6683 31 21 on-

3046 6712 120 34 jfuiistige
3191 6716 148 26 berichten,
3365 6707 155 31 betreffende
3546 6706 47 26 den
3618 6705 296 34 gezondheidstoestand
3938 6711 44 27 des

3046 6762 109 14 _._«__.
3176 6743 96 30 ht-wel
3292 6745 58 25 «i-ze
3369 6738 65 30 _lrti
3451 6742 25 25 te
3496 6738 130 27 Wensehm
3657 6738 111 32 _v_rt__.
3797 6751 30 20 en
3847 6744 63 27 door
3926 6745 38 26 d„-

4030 1316 17 24 g
4063 1309 58 26 liike
4141 1309 139 34 geruchten
4305 1309 241 33 natuurlijkerwijze
4571 1310 53 25 niet
4651 1309 81 27 wordt
4757 1309 146 26 benadeeld.
4924 1311 38 24 l)e

4136 1354 2 6 '
4159 1341 44 28 der
4219 1341 133 35 beweging
4369 1342 47 32 zijn
4435 1342 54 25 niet
4506 1342 59 25 dom
4584 1348 99 27 genoeg
4700 1349 40 19 om
4756 1349 45 18 zoo
4818 1341 48 26 iets
4881 1342 26 26 te
4917 1350 31 18 on-

4030 1374 154 32 derstellen,
4205 1384 71 15 maar
4300 1375 30 26 de
4356 1374 111 39 menigte
4493 1375 20 24 is
4539 1374 120 27 onnoozel
4676 1381 98 25 genoeg
4800 1374 30 25 de
4848 1374 112 32 plannen

4030 1413 48 19 van
4100 1404 132 30 Bakoenin
4250 1416 30 17 en
4297 1406 110 27 anderen
4428 1406 25 27 te
4474 1406 202 30 ondersteunen,
4702 1413 32 27 op
4752 1406 28 25 ile
4800 1406 146 37 voorspiege-

4030 1439 61 31 ling,
4110 1440 44 25 «lat
4174 1441 28 31 zij
4220 1440 106 33 spoedig
4343 1441 81 25 zullen
4436 1440 188 32 verwezenlijkt
4642 1440 99 25 kunnen
4761 1439 102 26 worden
4881 1440 80 25 oudtr

4030 1479 45 18 een
4102 1472 92 32 jongen
4220 1474 86 28 vorst,
4333 1473 39 26 die
4398 1473 91 33 gelijke
4515 1469 135 35 gevoelens
4665 1470 24 27 is
4702 1469 143 34 toegedaan
4867 1472 38 26 als
4930 1472 33 26 de

4030 1498 111 33 hoofden
4156 1505 47 27 der
4219 1505 149 35 beweging,
4395 1517 30 14 en
4449 1504 135 28 inmiddels
4607 1506 66 25 stort
4702 1504 30 26 de
4760 1504 113 34 menigte
4900 1506 63 26 hare

4030 1537 144 32 penningen
4200 1547 31 22 op
4258 1539 43 24 het
4328 1531 194 41 paód•vistisch
4547 1539 99 26 altaar,
4672 1537 77 26 welks
4774 1537 123 33 priesters
4913 1538 50 26 ook

4030 1569 77 26 thans
4123 1578 58 24 nog.
4200 1571 78 33 gelijk
4297 1571 51 26 hun
4365 1578 174 27 voorgangers
4554 1571 27 26 in
4597 1570 63 27 oude
4668 1570 87 34 tijden,
4768 1578 45 18 een
4824 1571 74 31 groot
4907 1570 56 27 deel

4030 1610 48 18 van
4106 1602 31 26 de
4154 1603 77 27 offers
4246 1612 64 18 voor
4337 1605 56 25 zich
4409 1605 150 31 behouden,
4585 1605 86 26 indien
4689 1604 31 34 zij
4739 1603 39 28 die
4795 1604 56 26 niet
4865 1604 27 26 in
4910 1604 53 26 hun

4030 1635 90 32 geheel
4139 1637 109 25 meester
4265 1637 102 25 kannen
4385 1638 109 28 worden.

4259 1722 474 41 BINNENLAND.

4225 1813 233 31 AMSTERDAM,
4476 1814 118 33 Dinsdag
4611 1819 14 22 4
4643 1815 109 26 Januari.

4063 1858 39 31 Bij
4121 1858 144 33 koninklijk
4286 1859 97 26 b.slnit
4408 1869 50 17 van
4476 1864 13 24 7
4508 1861 65 25 Nov.
4593 1865 70 26 1869,
4681 1863 44 25 N°.
4749 1865 40 27 33,
4814 1863 22 26 is
4853 1863 97 33 goedge-

4029 1887 83 27 keurd
4129 1890 44 25 het
4191 1891 116 34 ontwerp
4325 1891 45 26 der
4387 1892 60 26 akte
4472 1900 50 18 van
4540 1894 150 33 oprichting
4707 1903 51 18 van
4775 1896 30 26 de
4821 1894 146 27 naamlooze

4028 1922 194 31 vennootschap
4258 1924 267 26 //-oordzee-Kanaal
4939 1929 28 24 te

4028 1950 116 31 vestigen
4160 1951 27 25 te
4204 1951 174 28 Amsterdam.

4061 2020 25 26 '/..
4104 2019 33 26 M.
4163 2019 72 28 heeft
4263 2020 124 26 benoemd
4409 2022 41 24 tot
4468 2022 193 32 burgemeester
4678 2024 46 26 der
4741 2028 135 30 gemeente
4893 2028 70 26 Arke

4028 2053 28 25 T.
4075 2053 39 26 W.
4133 2054 27 26 G.
4178 2053 126 31 Merkens,
4320 2054 45 25 ten
4383 2053 73 27 einde
4474 2054 60 27 deze
4552 2054 156 35 betrekking
4724 2059 156 34 gelijktijdig
4897 2068 72 19 waar

4030 2087 25 26 te
4072 2094 92 19 nemen
4182 2087 53 26 met
4253 2086 40 27 die
4311 2094 47 19 van
4377 2087 193 33 burgemeester
4586 2087 46 28 der
4649 2092 133 31 gemeente
4801 2092 151 28 Kedachem.

4063 2159 38 26 Zr.
4120 2159 47 26 Ms.
4185 2158 84 33 fregat
4287 2159 52 26 met
4357 2159 220 32 stoomvermogen
4597 2158 133 27 Admiraal
4749 2169 48 18 van
4808 2161 158 33 Wassenaer,

4032 2192 78 26 onder
4126 2191 72 26 bevel
4217 2199 50 18 van
4283 2191 48 26 den
4348 2191 116 33 kapitein
4480 2192 41 25 ter
4540 2199 41 18 zee
4599 2191 27 26 F.
4645 2191 30 26 R.
4693 2192 52 26 Toe
4762 2193 98 30 Water,
4870 2194 30 30 is,
4909 2196 44 25 vol-

4032 2233 61 24 gens
4111 2233 45 17 een
4173 2224 35 33 bij
4227 2224 46 26 het
4290 2223 178 35 departement
4483 2231 50 19 van
4550 2224 97 26 marine
4667 2224 148 34 ontvangen
4831 2224 136 35 telegram,

4032 2267 32 24 op
4087 2262 9 21 1
4116 2258 73 25 dezer
4207 2259 26 24 te
4254 2258 104 32 Spezzia
4377 2257 97 32 (Italië)
4493 2257 182 33 aangekomen.

4064 2328 53 26 Het
4141 2328 22 26 is
4185 2336 46 18 een
4248 2336 80 26 vraag
4345 2337 50 17 van
4413 2328 103 28 ftktueel
4534 2328 109 33 belang,
4662 2328 65 26 doch
4744 2329 45 25 ten
4807 2330 93 25 onzent
4917 2337 53 25 nog

4032 2361 54 26 niet
4111 2361 124 38 opgelost,
4256 2361 30 27 of
4299 2362 46 26 het
4362 2361 73 26 beter
4452 2362 21 25 is
4491 2361 30 26 de
4539 2369 100 19 weezen
4655 2361 27 26 in
4701 2365 89 30 groote
4808 2362 162 33 gestichten,

4032 2394 51 26 dan
4101 2394 33 32 hij
4155 2394 69 32 wijze
4241 2402 51 18 van
4309 2394 176 34 uitbesteding
4501 2396 26 24 te
4540 2394 144 33 verplegen.
4703 2394 38 26 De
4761 2395 60 26 heer
4830 2395 45 26 Dr.
4885 2395 85 26 W.M.

4032 2426 124 34 Gunning
4174 2428 90 28 alhier,
4274 2437 45 15 een
4339 2427 98 26 bekend
4454 2428 168 25 voorstander
4638 2435 48 18 van
4704 2428 46 25 het
4763 2430 93 24 laatste
4874 2428 96 27 stelsel.

4032 2459 71 27 heeft
4120 2456 77 30 thans
4215 2460 30 25 de
4263 2460 168 28 voordcelen,
4453 2460 112 25 daaraan
4585 2460 161 31 verbonden,
4763 2461 163 32 uiteengezet
4944 2460 27 25 in

4032 2500 46 18 een
4095 2492 74 26 dezer
4186 2492 83 32 dagen
4287 2492 164 32 uitgekomen
4470 2492 143 26 brochure:
4641 2494 69 25 Over
4733 2498 168 28 vilbesleding
4918 2504 53 15 van.

4035 2535 93 17 weezen
4140 2546 5 6 ,
4163 2526 96 24 waarin
4279 2525 33 32 liij
4331 2525 54 25 zich
4407 2525 85 25 vooral
4509 2530 44 20 ten
4567 2525 57 26 doel
4638 2525 99 33 gesteld
4747 2526 71 25 heeft
4828 2526 30 25 de
4867 2526 86 25 bezwa-

4032 2565 53 22 ren,
4103 2557 61 26 door
4182 2558 47 25 den
4248 2558 67 25 Heer
4332 2557 30 26 B.
4378 2567 51 17 van
4448 2558 87 25 Doorn
4552 2559 78 31 tegen
4652 2558 31 25 de
4700 2559 176 31 uitbesteding
4900 2559 57 32 inge-

4032 2590 100 32 bracht,
4149 2593 25 24 te
4193 2590 177 34 wederleggen
4388 2600 30 17 en
4437 2590 30 27 de
4486 2591 120 31 gunstige
4619 2593 142 25 resultaten
4770 2601 48 17 van
4831 2593 31 25 de
4869 2593 86 25 inrich-

4032 2624 57 30 ting
4106 2631 63 17 voor
4185 2622 233 37 stadsbestedeling
4434 2631 15 17 n
4467 2623 81 25 alhier
4567 2623 129 31 openbaar
4714 2627 26 21 te
4757 2624 98 24 maken.
4881 2624 26 24 Is
4926 2624 45 24 het

4032 2655 149 33 onderwerp
4199 2656 72 25 reeds
4289 2655 142 32 belangrijk
4449 2662 99 25 genoeg
4566 2662 40 19 om
4622 2654 31 27 de
4670 2655 84 32 lezing
4763 2655 73 26 dezer
4845 2654 126 27 brochure

4031 2698 48 15 aan
4097 2689 26 24 te
4142 2689 110 31 prijzen,
4279 2688 60 25 hare
4358 2688 104 38 uitgave
4480 2691 43 21 ten
4541 2687 132 25 voordeele
4694 2695 50 18 van
4761 2688 46 25 het
4825 2688 146 33 bijzondere

4031 2720 73 26 fonds
4123 2720 44 27 der
4179 2715 144 38 'genoemde
4339 2717 150 35 inrichting,
4507 2726 63 18 voor
4586 2719 81 26 welke
4685 2719 30 27 de
4727 2720 107 33 geëerde
4847 2721 123 34 schrijver

4031 2753 57 27 hier
4104 2754 126 31 optreedt,
4248 2752 41 26 zal
4306 2752 106 26 daartoe
4430 2759 52 26 nog
4498 2752 142 33 bijdragen.

4063 2822 31 25 In
4111 2820 31 25 de
4161 2818 184 33 maatschappij
4365 2818 74 27 //Arti
4457 2820 26 25 et
4665 2822 39 26 zal
4719 2823 32 26 de
4759 2823 80 26 kunst
4847 2823 106 26 beschou-

4031 2855 70 31 wing
4124 2861 32 26 op
4181 2850 157 35 Donderdag
4364 2856 15 21 6
4404 2852 59 27 Jan.
4489 2862 116 26 gegeven
4630 2855 103 26 worden
4756 2856 63 26 door
4835 2856 48 26 den
4900 2855 67 26 Heer

4030 2885 93 26 Benoit
4141 2884 91 26 Coster
4251 2885 195 30 (mi-moderne)

4063 2956 119 26 Gisteren
4200 2956 84 26 avond
4302 2956 51 25 had
4371 2956 56 25 zich
4443 2956 26 25 in
4487 2956 46 25 het
4551 2956 89 25 Grand
4656 2956 112 25 Théatre
4779 2965 48 17 van
4848 2956 47 25 den
4909 2957 61 24 heer

4030 2996 48 18 van
4097 2989 59 26 Lier
4181 2998 46 18 een
4244 2989 104 32 talrijke
4364 2989 89 26 schare
4470 2987 237 34 belangstellenden
4727 2988 144 34 vereenigd,
4889 2989 25 25 in
4924 2996 32 25 ge-

4031 3031 112 21 spannen
4162 3020 177 32 verwachting
4349 3021 30 27 de
4398 3021 137 32 optrciling
4556 3020 169 26 verbeidende
4743 3031 48 15 vnn
4809 3022 53 25 Frl.
4880 3022 92 24 Louise

4032 3052 92 33 Wolff,
4143 3053 227 34 tooneelspeelster
4387 3063 50 15 van
4457 3052 44 26 het
4518 3052 150 30 hofthéater
4685 3054 26 24 te
4734 3046 163 34 Wiesbaden.
4932 3052 39 27 De

4031 3087 63 25 haai-
4111 3086 223 33 vooruitgesnelde
4352 3086 70 25 faam
4439 3085 70 30 toch,
4525 3085 51 25 had
4593 3085 74 26 reeds
4685 3085 105 33 kwistig
4808 3085 31 26 de
4852 3085 105 26 loftrom-

4031 3120 43 31 pet
4101 3119 122 32 gestoken
4250 3128 31 17 en
4299 3118 60 26 hare
4378 3119 116 24 talenten
4513 3118 37 26 als
4567 3118 148 25 uitstekend
4731 3124 132 26 geprezen.
4899 3126 72 18 _aar

4031 3159 60 17 onze
4119 3150 152 30 bescheiden
4294 3150 120 31 meening
4437 3150 21 25 is
4476 3149 40 27 die
4538 3157 27 17 w.
4576 3150 7 24 1
4602 3157 58 18 eens
4678 3150 191 32 overdrijvende
4890 3151 80 33 g/-din

4031 3184 106 26 ditmaal
4165 3183 44 28 der
4233 3182 129 31 waarheid
4381 3183 117 32 getrouw
4515 3183 118 32 geweest.
4669 3182 52 27 Frl.
4740 3183 81 26 Wolff
4835 3183 54 27 had
4911 3193 59 18 roor

4030 3217 63 24 haar
4111 3219 80 22 eerste
4211 3215 98 33 gastrol
4326 3215 112 33 gekozen
4456 3215 40 26 die
4515 3222 51 18 van
4584 3215 146 26 Catharina
4750 3216 124 31 Howard,
4886 3217 27 24 in
4922 3217 47 25 het

4030 3249 158 34 tooneelspel
4206 3249 27 26 of
4248 3249 78 26 liever
4346 3248 90 26 drama
4454 3256 48 18 van
4521 3247 59 27 dien
4597 3255 89 21 naam,
4706 3257 46 18 een
4769 3256 61 26 paar
4845 3248 59 34 jaar
4922 3257 33 26 ge-

4030 3283 73 26 leden
4121 3283 63 26 door
4202 3283 65 25 Rud.
4287 3281 156 31 Gottschall,
4453 3281 155 33 geschreven
4618 3289 32 18 en
4658 3282 123 26 ofschoon
4792 3282 31 25 de
4832 3282 123 32 hoofdper-

4031 3326 61 18 soon
4102 3317 113 27 dezelfde
4224 3317 30 31 is,
4260 3314 90 35 geheel
4356 3314 57 26 enal
4422 3314 185 26 verschillende
4618 3317 53 24 met
4677 3315 44 25 het
4727 3314 63 26 holl.
4796 3314 103 25 tooneel
4902 3314 69 26 werk

4032 3350 45 27 dat
4085 3351 58 26 hier
4150 3358 107 25 vroeger
4274 3348 79 26 onder
4363 3347 58 27 dien
4429 3347 60 27 titel
4498 3347 70 26 werd
4577 3347 150 38 opgevoerd.
4744 3347 79 26 Later
4835 3346 84 34 hopen
4928 3346 40 32 wij

4031 3383 79 26 onder
4119 3391 45 18 ons
4173 3383 198 26 tooneelnieuws
4382 3381 44 25 het
4434 3380 60 25 stuk
4504 3389 32 17 en
4544 3380 30 25 de
4583 3380 301 32 uitvoering.daaraante
4896 3379 74 25 beurt

4031 3417 125 32 gevallen,
4174 3424 69 18 meer
4253 3413 184 35 gedetailleerd
4447 3413 25 27 te
4482 3412 148 34 bespreken.
4648 3411 161 27 Voorbeden
4818 3411 96 26 slechts
4922 3418 46 19 een

4031 3457 61 27 paar
4110 3449 118 25 woorden
4247 3456 59 18 over
4324 3448 30 24 «le
4371 3444 120 34 liefelijke
4508 3445 182 31 verschijning,
4709 3445 39 25 die
4760 3445 115 31 gisteren
4883 3444 84 25 avond

4029 3489 25 15 m
4082 3481 79 25 dezen
4187 3480 171 30 schouwburg
4383 3477 65 26 aller
4469 3484 81 25 oogen
4569 3477 41 25 tot
4626 3477 56 25 zich
4701 3476 58 26 trok
4776 3484 32 18 en
4825 3476 65 26 aller
4906 3483 46 18 aan-

4030 3510 78 25 dacht
4133 3511 97 24 b.xi..e.
4267 3510 48 25 Een
4339 3509 40 24 all.

4029 3542 86 28 stalte,
4133 3549 45 17 een
4195 3541 59 26 fiere
4273 3541 63 27 blik,
4354 3548 46 17 een
4417 3547 157 22 aangenaam
4592 3546 110 24 orgaan;
4721 3539 26 24 in
4762 3539 115 31 bonding
4887 3546 28 15 en
4926 3546 28 24 ge-

4029 3573 76 21 baren
4130 3580 45 14 een
4198 3572 110 22 wond're
4326 3569 146 31 mengeling
4489 3576 47 18 van
4556 3570 97 24 natuur
4669 3576 30 18 en
4717 3569 92 28 kunst,
4828 3569 93 31 terwijl
4939 3568 26 26 al

4026 3601 61 25 hare
4104 3600 170 33 bewegingen
4290 3600 43 25 vol
4350 3600 84 32 gratie
4452 3600 57 31 zijn.
4535 3600 39 32 Op
4592 3600 89 25 enkele
4698 3601 213 31 uitzonderingen
4926 3608 40 18 na,

4026 3640 52 19 was
4094 3633 63 26 hare
4175 3632 137 40 omgeving
4328 3633 27 25 te
4371 3631 87 33 zwak;
4474 3631 92 27 anders
4577 3639 47 19 zou
4632 3632 65 25 haar
4704 3632 110 33 heerlijk
4822 3632 84 26 talent
4916 3639 52 25 nog

4026 3665 72 26 beter
4124 3672 48 26 zyn
4198 3665 174 33 uitgekomen.
4406 3664 87 27 Onder
4518 3664 31 27 de
4570 3664 164 31 lichtpunten
4750 3672 50 19 van
4818 3665 50 26 dén
4885 3664 83 27 avond

4025 3703 106 21 noemen
4159 3704 21 18 w
4188 3725 8 5 _
4225 3697 45 26 het
4293 3696 118 28 tooneel.
4430 3703 70 20 waar
4518 3697 31 34 zij
4567 3697 50 27 den
4636 3694 99 35 koninaf
4750 3696 98 33 genade
4866 3694 98 28 smeekt

4154 3729 244 30 samenzweerders,
4416 3728 79 27 onder
4512 3728 81 28 welke
4606 3729 65 27 haar
4681 3723 109 40 geliefde
4801 3729 99 28 Arthur
4910 3729 56 26 zich

4026 3762 113 28 bevindt,
4157 3768 31 19 en
4205 3759 89 27 vooral
4304 3761 45 25 het
4365 3759 141 40 oogenblik
4521 3759 40 27 ale
4578 3763 94 31 z_m>t
4683 3762 106 27 weerzin
4799 3755 44 34 des
4852 3759 111 33 koning»

4026 3794 144 32 omhelzing
4188 3791 81 27 duldt.
4289 3790 57 27 Ook
4362 3790 27 27 in
4408 3794 45 22 net
4469 3790 96 27 laatste
4584 3791 99 31 bedrijf,
4702 3793 38 27 als
4749 3794 30 31 zij
4791 3794 48 26 den
4848 3793 118 26 wreeden

4026 3828 72 26 vorst
4120 3823 174 34 stoutmoedig
4310 3823 131 32 tegemoet
4457 3822 102 27 treedt.
4578 3823 111 32 openlijk
4708 3833 61 18 voor
4788 3824 47 26 den
4857 3823 110 33 geliefde

4026 3861 77 33 partij
4128 3860 67 26 kiest
4214 3867 31 18 en
4261 3856 63 28 zelfs
4341 3856 51 25 met
4411 3854 57 27 hem
4487 3854 48 25 den
4556 3854 66 25 dood
4641 3861 53 19 niet
4711 3856 102 27 vreest,
4832 3862 52 19 was
4902 3856 65 25 haar

4026 3894 54 32 spel
4106 3892 156 27 uitstekend.
4287 3891 35 34 Zij
4348 3888 22 28 is
4388 3887 87 28 buiten
4495 3886 66 27 ali.-n
4580 3887 91 31 twijfel
4698 3894 60 19 eene
4789 3887 177 32 rijkbegaafde

4026 3924 169 28 kunstenares
4213 3933 31 17 en
4261 3925 40 30 wij
4313 3919 107 30 '«banken
4439 3920 47 26 den
4504 3920 61 25 beer
4581 3926 50 18 van
4649 3919 67 26 Lier.
4733 3919 40 25 die
4792 3926 44 17 ons
4847 3940 9 4 _

4026 3958 59 24 beid
4104 3956 46 35 gaf
4163 3957 52 27 met
4235 3956 63 30 haar
4313 3954 91 28 kennis
4424 3956 26 24 te
4469 3952 91 30 maken
4577 3959 31 20 en
4618 3959 46 18 een
4672 3950 84 26 talent
4778 3951 26 24 te
4826 3950 120 26 bewoude-

4026 3997 61 22 ren,
4114 3989 45 26 dat
4185 3998 50 19 aan
4257 3989 31 26 de
4304 3987 138 26 bezoekers
4457 3994 51 18 van
4525 3985 45 26 het
4589 3984 89 28 Grand
4693 3983 111 27 Théatre
4821 3981 76 26 zeker
4913 3990 52 25 nog

4026 4022 117 32 menigen
4162 4022 162 32 genotr_ken
4339 4019 85 27 avond
4440 4019 40 27 zal
4493 4018 128 27 bereiden.

4059 4090 61 24 Wat
4140 4090 73 24 Fi-ed.
4232 4089 99 31 ('hopin
4350 4095 28 18 en
4398 4085 115 34 Stephen
4524 4085 90 27 Heller
4632 4094 60 18 voor
4702 4085 40 26 «lic
4754 4085 74 33 piano
4848 4085 57 32 zijn.
4924 4084 43 25 dat

4028 4123 84 26 moet,
4129 4121 106 32 volgens
4260 4120 31 27 de
4310 4119 145 34 getuigenis
4474 4128 48 17 van
4546 4117 215 27 onderscheidene
4780 4117 143 33 dagbladen
4942 4117 25 27 in

4026 4153 48 24 den
4093 4153 125 25 vreemde.
4245 4152 85 25 Miska
4348 4152 100 25 Ilauser
4466 4150 39 25 als
4521 4150 87 25 violist
4635 4159 92 18 wezen.
4761 4152 56 31 Zijn
4834 4159 76 17 naam
4928 4150 39 25 zal

4025 4192 46 18 ons
4096 4183 202 27 kunstminnend
4322 4183 106 32 publiek
4449 4189 60 19 over
4526 4182 46 27 het
4590 4181 131 34 algemeen
4741 4183 133 26 onbekend
4891 4182 26 26 in
4936 4181 31 27 de

4025 4225 77 17 ooren
4120 4218 113 26 klinken,
4251 4224 73 18 maar
4338 4215 87 26 indien
4444 4215 30 24 de
4492 4215 76 26 f.iain.
4586 4215 40 24 die
4645 4224 50 15 van
4714 4215 47 25 den
4780 4217 115 25 virtuoos
4911 4215 41 24 uit-

4025 4250 78 56 faat,
4122 4248 130 26 waarheid
4269 4248 94 26 bevat,
4388 4247 50 25 dan
4463 4245 70 27 beeft
4560 4245 45 26 het
4631 4247 57 25 zich
4715 4254 32 26 op
4763 4247 46 25 het
4826 4247 141 26 aanstaand

4044 4281 87 24 oncert
4149 4280 26 26 in
4193 4280 32 25 de
4243 4280 126 25 Parkzaal
4385 4279 27 25 in
4429 4286 47 17 een
4493 4280 78 28 groot
4587 4278 159 33 kunstgenot
4768 4280 27 24 te
4813 4280 154 32 verheugen.

4024 4312 39 25 De
4081 4313 204 25 individualiteit
4310 4319 50 17 van
4385 4310 48 25 den
4460 4310 116 25 virtuoos
4592 4311 84 25 wordt
4694 4311 130 32 hoogelijk
4841 4320 124 24 geprezen

4024 4350 31 20 en
4074 4343 26 27 in
4117 4352 46 17 een
4180 4344 103 32 verslag
4307 4350 60 18 over
4389 4349 45 18 een
4452 4341 107 26 koncert
4577 4343 27 25 te
4622 4343 73 26 Aken
4713 4343 84 26 wordt
4813 4343 87 26 vooral
4917 4351 33 26 ge-

4024 4384 85 18 wezen
4127 4385 32 24 op
4175 4376 51 26 den
4243 4375 154 33 zangerigen
4414 4375 63 25 toon
4493 4375 80 32 zijner
4590 4375 76 26 viosl.
4700 4376 106 26 Hoewel
4832 4377 31 25 de
4879 4378 73 24 stout-

4024 4409 38 24 ste
4080 4416 31 17 en
4128 4408 168 31 moeielijkste
4312 4414 120 25 passages
4448 4413 64 18 voor
4527 4407 85 25 Miska
4630 4408 102 25 Hauser
4757 4415 79 25 geene
4853 4409 97 35 zwarig-

4023 4439 84 27 heden
4123 4439 149 38 opleveren,
4291 4439 21 25 is
4330 4437 34 33 hij
4383 4437 90 26 vooral
4488 4437 272 27 bewonderenswaard
4778 4440 27 26 in
4830 4440 31 27 de
4878 4441 71 26 canti-

4024 4472 63 25 lene.
4122 4472 69 31 Zijne
4208 4470 156 26 voordracht
4382 4472 70 24 moet
4468 4470 94 25 uiterst
4579 4472 132 25 smaakvol
4728 4480 32 17 en
4773 4472 124 32 gekleurd
4910 4473 56 31 zijn,

4024 4512 31 17 en
4064 4504 97 25 hoewel
4172 4504 34 32 hij
4218 4512 46 17 een
4273 4504 76 32 groot
4358 4502 57 25 deel
4423 4509 51 18 van
4500 4502 48 32 ziju
4572 4502 74 25 leven
4663 4502 118 26 reizende
4799 4504 72 25 heeft
4887 4496 64 32 door-

4024 4535 124 33 gebracht
4160 4557 5 9 ,
4191 4538 70 24 moet
4278 4535 50 32 zijn
4344 4534 156 26 voordracht
4519 4534 66 26 niets
4602 4541 51 19 van
4669 4535 63 26 hare
4749 4535 216 33 oorspronkelijke

4024 4569 113 26 noblesse
4155 4576 32 18 en
4204 4567 109 34 fijnheid
4330 4567 117 25 verloren
4463 4567 109 24 hebben.

4056 4639 163 32 Eergisteren
4238 4639 69 25 werd
4324 4639 27 24 in
4371 4646 46 15 een
4435 4637 45 25 der
4498 4637 72 25 zalen
4590 4645 48 17 van
4650 4638 47 25 Eik
4707 4646 32 17 en
4748 4638 105 27 Linden,
4864 4638 83 25 smaak-

4024 4672 40 25 vol
4083 4672 171 31 gedekoreerd
4272 4672 53 24 met
4342 4670 158 33 sierplanten
4519 4678 30 15 en
4563 4670 198 32 wapentrofeën,
4772 4670 40 26 die
4821 4670 46 25 het
4877 4670 72 25 borst-

4025 4704 71 26 beeld
4115 4714 50 17 van
4183 4713 79 18 onzen
4279 4704 98 30 koning
4395 4711 139 21 omgaven,
4552 4702 31 25 de
4600 4706 83 22 eerste
4703 4703 146 31 algemeene
4866 4702 84 33 bijeen-

4024 4737 84 25 komst
4124 4737 136 31 gehouden
4278 4744 50 17 van
4345 4734 193 35 oudgedienden
4558 4735 113 24 beneden
4689 4735 48 24 den
4759 4742 66 22 rang
4840 4743 50 15 van
4907 4735 45 22 offi-

4024 4770 59 26 cier,
4102 4768 151 39 gerechtigd
4270 4769 41 26 tot
4328 4768 46 27 het
4390 4767 97 33 dragen
4505 4774 50 18 van
4572 4766 45 25 het
4635 4767 148 26 eereteeken
4800 4765 149 34 voorkrijgs-

4024 4802 202 33 verrichtingen,
4243 4801 128 34 ingesteld
4388 4801 34 32 bij
4441 4800 58 26 kon.
4515 4799 96 26 besluit
4629 4806 51 18 van
4700 4802 28 21 19
4748 4799 125 26 Februari
4893 4802 69 26 1869,

4024 4835 44 26 ten
4085 4835 72 26 einde
4175 4835 57 26 zich
4248 4837 27 24 te
4293 4834 189 25 constitueeren
4499 4833 41 24 tot
4558 4840 59 17 eene
4636 4832 181 33 vereeniging,
4834 4831 79 26 onder
4930 4832 33 24 de

4024 4867 135 33 zinspreuk
4170 4878 4 17 :
4204 4867 162 27 //Eendracht
4383 4866 90 26 maakt

4056 4900 72 26 Meer
4144 4900 50 26 dan
4215 4905 45 21 100
4277 4907 117 21 mannen,
4411 4899 40 25 die
4467 4899 27 24 in
4511 4897 130 33 tropische
4658 4897 128 32 gewesten
4804 4897 26 24 te
4847 4894 59 26 land
4925 4903 31 18 en

4024 4933 40 26 ter
4091 4942 41 18 zee
4159 4933 30 26 de
4215 4941 43 19 eer
4274 4939 50 19 van
4345 4931 142 27 Neérlands
4505 4930 61 38 vlag
4583 4929 103 33 hielpen
4702 4928 154 27 handhaven
4872 4935 32 18 en
4920 4926 41 25 tot

4024 4969 99 30 menige
4141 4965 110 26 schoone
4266 4965 128 32 bladzijde
4410 4965 26 22 in
4454 4971 61 17 onze
4534 4963 106 24 historie
4657 4962 163 30 bijdroegen,
4838 4959 123 25 woonden

4136 4998 136 33 rgadertng
4292 4998 43 31 bij.
4352 5004 32 25 op
4402 4994 80 28 welke
4500 4995 48 24 ook
4566 4993 178 26 verscheidene
4756 4991 89 25 hoofd-
4859 4998 30 18 en
4900 4998 44 15 ver-

4024 5030 59 27 dere
4101 5031 129 26 officieren
4247 5037 48 19 van
4315 5037 57 18 zee-
4391 5036 30 17 en
4440 5026 163 30 landmacht,
4630 5023 111 27 versierd
4759 5024 52 22 met
4827 5023 44 24 het
4891 5029 54 17 eere-

4024 5065 90 25 teeken
4133 5072 63 18 voor
4212 5063 31 25 de
4259 5063 84 27 Bali-,
4361 5061 78 24 Boni-
4454 5068 31 15 en
4502 5057 252 25 Borneo-exi-ditie,
4763 5062 30 15 en
4806 5055 93 22 andere
4912 5061 31 15 au-

4023 5096 135 24 toriteiten
4182 5095 131 30 aanwezig
4337 5099 102 20 waren,
4456 5098 40 15 on,
4519 5088 46 24 het
4591 5086 242 30 eerehdmaatschap
4852 5086 26 22 te
4897 5091 46 18 aan-

4023 5126 119 26 vaarden.

4056 5194 30 25 Iv
4103 5193 31 25 de
4157 5194 13 22 f
4180 5193 144 26 olksrriend
4341 5198 48 17 van
4410 5192 8 21 1
4441 5189 72 24 dezer
4530 5186 73 25 komt
4618 5184 46 26 het
4683 5183 124 32 volgende
4826 5190 60 18 voor
4904 5190 33 17 on-

4117 5231 5 18 !
4144 5223 142 33 opschrift:
4303 5223 221 27 Jeneverrampen
4534 5229 8 14 :

4051 5256 215 32 Jeneverrampen
4296 5254 27 27 in
4350 5256 70 25 1869.
4446 5254 32 24 66
4501 5249 118 35 gevallen
4646 5256 52 19 van
4715 5254 239 30 gevangenneming

4020 5296 30 21 en
4069 5289 204 31 veroordeling;
4294 5290 28 26 12
4339 5295 50 19 van
4407 5285 90 28 moord
4514 5294 32 18 en
4563 5282 132 34 manslag;
4721 5285 31 22 52
4768 5288 51 19 van
4835 5288 103 19 verwon-

4020 5324 63 30 ding
4100 5333 31 19 en
4148 5323 201 31 mishandeling;
4365 5324 31 25 47
4821 5346 117 13 _.___.

4054 5359 47 25 NB
4134 5357 53 26 Ken
4206 5359 91 33 tapper
4313 5357 25 25 te
4359 5355 123 32 Kampen,
4500 5353 39 26 uit
4556 5350 124 27 boosheid
4696 5350 45 26 dat
4759 5356 44 18 een
4820 5350 81 26 klant,
4915 5350 41 22 die

4020 5392 60 27 hem
4096 5399 52 26 nog
4167 5392 58 33 geld
4244 5391 118 28 schuldig
4380 5396 59 19 was.
4455 5388 59 25 hem
4533 5386 54 26 niet
4604 5385 105 26 betalen
4726 5381 74 27 wilde
4818 5380 80 32 krijgt
4910 5387 46 18 een

4022 5426 118 26 beroerte
4159 5433 30 20 en
4215 5425 56 28 valt
4298 5432 31 26 op
4346 5424 30 26 de
4394 5422 86 32 plaats
4505 5419 66 28 dood
4587 5418 86 27 neder.
4707 5417 67 27 Deze
4792 5415 67 26 dood.

4219 5481 4 5 .
4240 5458 98 27 hoewel
4356 5458 79 26 onder
4459 5454 28 27 ie
4512 5454 210 35 jeneverrampen
4739 5450 119 26 vermeld,
4871 5450 87 22 omdat

4024 5494 39 32 wij
4083 5497 118 32 verlegen
4220 5502 102 19 waren,
4346 5492 26 25 in
4400 5489 54 28 well
4774 5497 20 32 -\
4812 5484 26 24 u
4854 5484 104 25 moeten

4130 5526 90 26 ikken.
4256 5525 37 27 De
4319 5524 102 38 overige
4448 5523 81 32 cijfers
4552 5522 48 32 zijn
4626 5520 39 24 uit
4684 5518 87 26 enkele
4789 5518 110 25 kranten
4917 5523 28 26 op-

4115 5558 39 28 eld
4174 5567 32 19 en
4224 5558 100 27 werden
4343 5557 26 25 in
4387 5557 39 25 dit
4442 5556 61 25 blad
4522 5552 169 32 maandelijks
4709 5550 120 27 vermeld.

4058 5644 26 24 In
4106 5642 30 27 de
4159 5643 113 25 T.e'ulsehe
4292 5641 37 25 Ct.
4345 5640 66 26 leest
4428 5647 58 18 men
4502 5639 46 24 het
4565 5635 125 32 volgende
4713 5633 159 33 ingezonden
4889 5633 60 26 stuk

4056 5676 39 32 Op
4114 5675 27 28 de
4161 5674 169 32 bijeenkomst
4345 5680 51 19 van
4411 5674 33 24 '28
4462 5672 60 25 Dee.
4545 5670 66 28 1869,
4637 5672 112 21 waartoe
4768 5666 89 33 eenige
4874 5666 83 32 dagen

4024 5709 105 32 geleden
4148 5704 48 30 all!'
4217 5704 234 38 belangstellenden
4469 5702 25 27 in
4513 5702 43 26 het
4576 5700 133 32 onderwijs
4726 5707 50 18 van
4793 5707 45 17 on-
4850 5707 30 17 en
4896 5707 46 18 min-

4024 5740 187 31 vermogenden
4228 5738 102 28 werden
4349 5744 167 26 opgeroepen,
4541 5734 21 24 is
4585 5740 59 18 eene
4664 5733 119 25 Leidsche
4800 5738 157 26 vereeniging

4024 5778 34 22 tol
4077 5774 163 31 bevordering
4258 5780 53 17 van
4328 5771 113 31 geregeld
4457 5766 174 30 sckoolbesoek
4649 5764 129 30 gevormd.

4056 5806 105 25 Hoewel
4178 5805 60 25 deze
4256 5803 142 31 inrichting
4422 5802 27 24 in
4474 5799 61 25 aard
4553 5806 32 17 en
4604 5797 135 32 strekking
4755 5797 52 24 met
4826 5797 46 25 het
4887 5797 57 28 alge-

4023 5845 86 21 meene
4127 5836 203 28 schoolverbond
4354 5833 194 26 overeenstemt,
4573 5838 52 18 was
4655 5829 30 26 de
4709 5829 176 25 meerderheid
4910 5832 47 18 van

4023 5871 125 30 meening,
4167 5871 44 24 dat
4231 5876 56 19 men
4304 5867 155 31 vooralsnog
4475 5872 78 24 geene
4572 5862 136 32 beslissing
4726 5862 113 25 omtrent
4856 5861 30 21 de
4898 5864 45 18 aan-

4023 5903 107 32 sluiting
4148 5910 47 18 aan
4213 5901 59 26 dien
4291 5900 66 27 bond
4376 5907 46 18 zou
4440 5904 97 19 nemen.
4572 5895 59 26 Men
4650 5894 129 26 wenschte
4796 5891 81 25 boven
4894 5891 61 20 aJies

4023 5946 47 15 aan
4089 5931 28 28 te'
4134 5942 107 24 vangen,
4259 5942 40 18 om
4318 5934 44 24 het
4380 5930 90 26 kwaad
4487 5939 50 15 van
4554 5929 45 24 het
4613 5927 198 26 schoolverzuim
4822 5929 25 17 in
4858 5920 30 24 de
4897 5920 58 22 stad

4023 5975 76 18 onzer
4115 5967 131 31 inwoning
4263 5968 25 22 te
4305 5963 138 31 bestrijden
4462 5965 53 21 met
4539 5960 32 26 de
4596 5959 135 26 middelen,
4754 5955 40 24 die
4820 5955 60 20 door
4904 5955 50 17 «reu

4023 6000 176 33 jdaatselijken
4218 5998 119 27 toestand
4356 5994 128 35 bijzonder
4500 5993 50 32 ziju
4567 5995 172 27 aangewezen.

4056 6013 214 46 Reed*'terstond
4286 6031 22 24 is
4325 6038 45 15 een
4390 6026 142 32 belangrijk
4550 6024 70 31 getal
4637 6020 72 25 leden
4729 6017 40 22 tot
4787 6013 30 24 de
4834 6017 90 17 vun

4023 6065 61 33 ging
4102 6064 164 48 toetsteden
4285 6070 31 18 en
4333 6061 38 25 dit
4389 6045 561 67 «^\^^^A^en7kl

4643 6081 102 59 e^
4761 6106 40 25 tot
4820 6112 45 18 een
4884 6105 67 34 goed

4023 6162 72 28 einde
4111 6162 52 26 kan
4181 6159 126 35 gebracht
4326 6156 109 27 worden.
4514 6183 14 15 v
4532 6185 11 13 ,
4545 6182 12 15 r
4565 6182 21 4 -
4592 6171 91 37 derin?
4691 6195 12 1 _
4707 6178 14 18 o
4722 6178 32 26 rg
4774 6170 124 27 ontstaan
4906 6171 47 27 dat

4054 6195 90 50 MuCY
4161 6202 39 43 Z
4206 6201 57 44 CZ
4269 6188 211 57 'Sit-ntscl.e
4506 6201 149 31 orthodoxie
4676 6204 32 32 _ij
4727 6204 91 26 monde
4835 6213 50 19 van
4906 6214 47 19 een

4022 6260 76 26 h_rer
4085 6227 162 57 gt„w_n-
4274 6219 175 57 ?o-Xde«
4474 6240 26 24 in
4515 6237 97 38 .verzet
4637 6244 48 19 zou
4701 6236 93 28 komen
4811 6240 80 33 tegen
4907 6239 47 27 het

4022 6289 141 22 d.nkhe.ld
4180 6268 30 44 èn
4226 6285 45 24 het
4287 6276 56 27 doel
4361 6274 44 25 der
4421 6279 220 27 vereeniging,-
4657 6279 28 20 in
4703 6270 51 28 den
4762 6273 124 27 verderen
4896 6273 60 34 loop

4020 6325 45 22 der
4082 6318 120 28 diskussie
4220 6311 78 27 bleek,
4317 6307 45 25 dat
4378 6306 31 25 de
4427 6305 109 33 geachte
4553 6305 204 33 woordvoerder,
4775 6306 45 27 Ds.
4832 6306 25 27 J.
4867 6306 89 32 Drost,

4019 6360 67 19 meer
4103 6351 63 30 zijne
4182 6351 70 19 vrees
4269 6345 61 20 voor
4346 6338 30 26 de
4395 6338 190 28 voortdurende
4603 6338 184 37 eendrachtige
4804 6347 136 20 samenwer-

4019 6384 61 30 king
4097 6378 50 26 bad
4163 6374 84 26 willen
4265 6371 157 33 uitspreken,
4448 6371 52 28 dan
4526 6372 46 28 dat
4596 6372 47 28 het
4668 6374 64 33 zijne
4748 6373 137 33 bedoeling
4903 6379 53 18 was

4017 6413 54 27 zich
4089 6411 77 28 tegen
4183 6404 30 26 de
4232 6403 149 38 oprichting
4398 6404 45 30 der
4460 6406 168 35 vereeniging
4637 6409 28 26 te
4676 6407 141 26 verzetten.
4841 6405 57 25 Aan
4910 6403 46 26 het

4016 6443 50 26 slot
4083 6439 44 26 der
4142 6436 172 43 vergadering
4330 6441 152 28 verklaarde
4500 6442 46 34 hij,
4571 6439 99 30 hoewel
4695 6439 56 27 zich
4769 6436 96 28 beraad
4881 6443 59 19 voor-

4015 6471 165 30 behoudende
4199 6472 27 27 in
4241 6471 125 31 hoeverre
4391 6475 37 32 hij
4455 6484 50 19 aan
4530 6475 30 26 de
4578 6471 226 30 werkzaamheden
4820 6476 47 19 zou
4885 6475 52 19 wen-

4015 6506 79 27 schen
4110 6504 58 30 deel
4185 6508 27 26 te
4228 6515 102 28 nemen,
4348 6509 56 28 zich
4420 6508 97 32 bereid,
4543 6514 43 20 om
4609 6506 39 27 als
4670 6506 39 26 lid
4729 6503 45 26 der
4791 6504 164 26 vereeniging

4015 6540 43 26 toe
4075 6540 27 27 te
4119 6540 100 31 treden.
4711 6568 6 7 ,
4787 6566 6 5 .
4809 6565 7 7 ,
4925 6559 26 17 «_

4048 6573 51 39 Wij
4117 6578 148 28 vermelden
4284 6578 39 26 dit
4339 6576 47 26 feit
4404 6573 137 34 bijzonder,
4567 6572 87 25 omdat
4680 6568 71 25 velen
4770 6566 56 25 zich

4016 6606 119 40 houding
4152 6619 32 19 en
4200 6612 31 26 de
4247 6609 138 31 bedoeling
4401 6615 50 18 van
4468 6606 50 26 den
4543 6601 131 34 Semehlen
4700 6598 249 53 V^.'f^L

4017 6644 93 27 keerde
4330 6641 100 27 hebben
4456 6638 128 32 gemaakt.
4618 6632 65 26 Zelb

4019 6678 113 27 omtrent
4149 6677 31 26 de
4198 6674 144 30 werkelijke
4359 6671 135 26 bedoeling
4519 6674 48 17 van
4592 6671 48 19 oen
4664 6671 19 20 g
4838 6685 37 15 ,„n
4892 6681 47 15 r»u

4019 6710 106 27 enkelen
4143 6709 78 31 zijner
4238 6703 217 43 geestverwanten
4473 6698 100 47 bfbben
4850 6702 86 25 ,•_*_..
